2738 4928
568 291 789 399 *¹²4-

180 438 291 530 nlius,
313 438 496 512 celebrari.
522 442 595 510 Neo
611 437 728 510 solum
749 461 969 530 memorem,
990 434 1178 535 sedetiam

180 549 360 646 disertam,
376 566 411 626 et
426 551 585 624 lucidam
602 565 638 624 et
652 576 787 645 canoro
808 552 904 624 cultu
921 553 1106 652 praeditam
1123 552 1180 652 laj-

179 658 1176 767 cundiam,inpreceptoribusiisdemexstitissetestisest.

181 779 287 866 Quod
300 778 461 879 profecto
473 778 624 850 laudatae
639 778 811 871 facundiae
824 803 936 876 genus
950 779 997 850 ad
1011 777 1087 850 duo
1104 767 1181 851 illas

175 890 373 989 ‘eloquendi
398 892 545 963 virtutes
571 891 694 963 reduci
717 906 852 991 potest,
877 915 983 990 quas,
1005 905 1045 963 ut
1071 884 1180 991 sup'r‘a

181 1003 458 1075 memoravimus
468 1008 495 1095 ¹,
510 1005 655 1104 proprie
669 1005 806 1077 Gallico
814 1005 971 1077 sermoni
986 1004 1178 1109 assignavit

182 1115 434 1212 Hieronymus,
451 1141 492 1188 ac
506 1117 675 1215 gravitate
693 1120 852 1190 llornana
867 1114 1090 1189 condiendas
1106 1112 1181 1188 esse

181 1228 332 1299 censuit.
357 1230 483 1300 Merito
500 1229 647 1327 quidem
667 1229 728 1302 hic
746 1229 926 1320 censebat,
946 1229 1069 1298 sinon
1083 1226 1183 1323 Jam-

167 1337 321 1411 ·dudum
348 1343 509 1414 llontana
539 1341 759 1440 eloquentia,
786 1355 825 1413 ut
852 1343 927 1441 ipse
949 1338 1183 1437 Symmachus

181 1448 490 1550 conquerebatur,
520 1454 673 1525 multum
704 1455 749 1526 de
782 1455 958 1526 sermonis
985 1441 1183 1548 integritate

182 1566 373 1656 amisisset3
394 1593 478 1640 nam
491 1568 614 1640 omnia
624 1593 703 1667 quae
718 1567 824 1639 nobis
835 1566 961 1638 Gallici
975 1565 1013 1637 in
1028 1562 1183 1637 dicendo

183 1679 321 1776 generis
335 1695 585 1772 monumenta,
601 1705 664 1752 seu
681 1679 888 1778 panegyrici
904 1702 1104 1769 sermones,
1120 1701 1183 1748 seu

181 1793 358 1883 carmina,
382 1820 444 1866 seu
466 1793 640 1894 epistolae,
659 1819 722 1866 seu
738 1818 848 1892 opera
866 1792 953 1884 alia,
974 1806 1182 1893 supersunt,

183 1898 382 1973 ubertatem
408 1903 511 1973 istam
532 1916 567 1974 et
589 1902 695 1974 istum
713 1903 869 1974 nitorem
893 1901 1013 1972 autin
1039 1899 1184 1970 nimiam

179 2011 376 2115 uerborum
391 2015 661 2088 exuberantiam
679 2015 916 2105 redundasse,
935 2015 1051 2085 autin
1070 1998 1187 2110 exqui-

182 2125 341 2198 sitiorem
360 2128 503 2200 dicendi
521 2142 732 2229 apparatum
758 2141 793 2201 et
815 2127 952 2199 cultum
969 2125 1100 2199 abiisse
1117 2120 1188 2197 te‘s'·

183 2253 315 2311 tantur.
335 2241 431 2329 Quid
450 2240 557 2313 enim
571 2241 669 2312 aliud
690 2242 727 2312 in
756 2241 902 2338 regione
929 2237 1006 2310 fieri
1031 2234 1185 2338 potebat,

172 2379 263 2455 'quae
279 2353 539 2427 rhetoricorum
563 2354 740 2452 quotidie,
764 2368 804 2424 ut
817 2343 1055 2448 'Hieronymi'
1070 2347 1187 2423 verbis

184 2480 280 2556 utar,
312 2466 469 2539 clamore
496 2466 738 2566 personabat?
765 2465 874 2554 Quod
906 2463 982 2562 ipse
1009 2464 1188 2536 Ausonius

186 2580 408 2677 aliquatenus
424 2580 595 2676 agnoscit,
606 2604 718 2677 quum
735 2577 1018 2677 Exuperiiverba
1030 2577 1189 2673 ingentia

187 2706 223 2766 et
234 2694 375 2793 copiam
385 2693 596 2790 sandilonge
604 2692 881 2792 pulcherrimam
892 2688 1185 2764 commemorat!

187 2811 401 2910 Quippequi
410 2809 517 2896 hanc,
528 2809 557 2879 si
565 2809 690 2880 auditu
702 2824 806 2879 tenus
817 2809 1009 2907 acciperes,
1021 2806 1189 2880 defletam

186 2922 360 3022 placuisse
373 2922 538 3010 fateatur,
558 2923 754 2994 discussam
770 2947 856 2994 vero
878 2921 984 2994 solidi
1005 2922 1096 2994 nihil
1118 2920 1190 2994 edi·

188 3035 281 3107 disse
300 3060 436 3108 sensus.
456 3040 621 3107 Ceterum
639 3062 751 3133 quum
776 3061 820 3107 ex
840 3034 984 3108 Gallicis
1005 3036 1190 3134 scriptori-

186 3147 274 3239 bus,
300 3173 456 3247 quorum
476 3173 590 3218 unum
612 3149 853 3220 Pictavensem
874 3148 999 3219 divum
1015 3138 1189 3220 Hilarium

189 3261 322 3332 Latinae
343 3260 555 3360 eloquentiae
571 3259 786 3332 Rhodanum
808 3261 1049 3356 Hieronymus
1067 3254 1192 3331 nomi-

188 3375 288 3466 nat⁸,
310 3387 387 3445 tum
407 3399 450 3445 ex
468 3373 593 3445 Gallici
614 3371 782 3446 cothurni
796 3373 1060 3473 appellatione,
1081 3396 1191 3469 quam

229 3638 260 3697 1.
280 3630 353 3693 Vide
388 3637 480 3694 .119.

187 3724 190 3739 ’
230 3726 258 3785 2.
281 3726 319 3781 D.
335 3653 506 3800 Hibronym.
528 3723 713 3781 Commentar.
739 3722 770 3778 in
789 3720 871 3797 epist.
893 3720 936 3776 ad
954 3720 1069 3790 Galat„
1088 3715 1141 3781 lib.
1162 3718 1193 3778 ll

189 3831 254 3891 cap.
267 3833 312 3873 m.

230 3905 262 3964 3.
282 3901 355 3961 Vide
369 3922 402 3981 p.
416 3905 486 3964 tat.

230 3993 260 4052 t.
282 3994 320 4054 t).
336 3990 505 4072 Hieronym.
530 3993 716 4050 commentar.
737 3996 767 4047 in
786 3991 868 4066 epist.
883 3991 926 4046 ad
940 3989 1058 4062 eatae,
1071 3985 1126 4063 lib,
1141 3988 1193 4059 11,

189 4101 253 4162 cap.
269 4101 316 4140 ru.
