2738 4928
583 336 780 410 -30-

118 478 124 484 ’
181 492 290 564 aetatis
308 510 381 589 qua
397 488 484 563 vixit
505 503 690 561 oratorum
714 487 863 558 virtutes
878 499 914 557 et
934 483 1020 556 vitia
1036 481 1186 582 dignos·

178 616 318 677 cantur.
1172 624 1176 633 ’

228 706 545 806 Quemadmodum
568 715 664 786 enim
686 712 804 813 operis
829 711 937 808 hujus
959 709 1068 784 dictio
1092 709 1185 784 nihil

178 831 385 930 proprium,
414 828 503 901 nihil
534 829 691 930 insigne,
720 826 811 898 nihil
844 823 1049 897 distinctum
1072 821 1185 898 habet

178 971 305 1045 prope,
322 935 423 1018 'unde
443 946 598 1043 genuina
611 942 776 1044 quaedam
792 940 889 1043 apud
896 942 1079 1045 Victorem
1095 942 1184 1014 sori·

178 1051 291 1130 luendi
305 1061 394 1131 ratio
412 1072 448 1130 et
461 1083 545 1131 vera
561 1056 722 1156 ejusdem
738 1069 821 1128 aetas
835 1081 877 1128 cx
891 1055 1003 1154 ipsius
1016 1070 1184 1127 sermone

179 1171 414 1264 discernatur,
439 1166 570 1243 itidem.
580 1173 690 1244 ferme
706 1169 795 1242 nihil
811 1189 964 1268 usquam
980 1167 1184 1241 inrhetore

178 1299 304 1356 nostro
326 1273 603 1385 deprehendas,
632 1310 705 1383 quo
732 1283 840 1380 hujus
869 1297 1075 1381 temporum
1107 1278 1183 1353 elo-

104 1459 107 1463 .
178 1397 332 1495 quentiae
356 1422 504 1468 succum
523 1394 717 1494 quemdam
739 1409 775 1466 et
801 1393 1000 1467 naturalem
1015 1410 1184 1491 saporem

178 1510 335 1608 reperias
352 1523 387 1580 et
404 1506 675 1606 quodammodo
691 1505 861 1579 odoratus
878 1529 1105 1604 persequare.

228 1626 399 1692 Praeterea
412 1645 591 1718 nusquam
607 1620 680 1692 sere
697 1645 738 1692 ea
754 1619 911 1712 breviter
923 1631 1184 1690 commemorat

178 1753 257 1834 quae
278 1738 477 1805 Romanam
500 1732 742 1831 eloquentiam
769 1732 815 1804 ab
840 1733 951 1803 Attica
975 1731 1179 1828 sejunguutss

177 1850 301 1945 ltaque
323 1872 367 1918 eo
388 1845 470 1917 loco
487 1871 561 1944 quo
579 1845 779 1945 epilogum,
803 1871 822 1917 e
838 1847 1002 1944 priorum
1017 1845 1182 1916 omnium

177 1950 363 2031 rhetorum
378 1985 569 2050 consensu,
589 1961 626 2030 iu
645 1977 714 2031 tres
727 1957 845 2059 partes
860 1956 1017 2048 dividit¹,
1036 1976 1182 2031 enume·
1202 1995 1205 1999 ·

176 2073 371 2163 rationem,
412 2072 712 2170 indignationem,
752 2073 1066 2170 conquestionem,
1104 2089 1181 2144 non

176 2184 459 2274 Quintilianum¹
472 2186 632 2283 sequitur
648 2200 743 2258 recte
761 2185 1018 2259 admonentem
1032 2184 1181 2258 allectus

177 2301 213 2370 in
230 2300 372 2396 epilogo
391 2299 436 2370 ab
457 2300 575 2369 Atticis
596 2302 775 2397 plerisque
789 2326 885 2392 esse,
908 2307 1054 2400 propter
1076 2298 1182 2372 Athe-

176 2412 355 2481 niensium
371 2409 465 2505 leges
484 2425 519 2481 et
535 2411 772 2509 disciplinam,
791 2411 983 2507 neglectos

226 2526 305 2592 Non
315 2522 594 2618 longius,quam
606 2522 694 2593 mihi
706 2538 878 2596 statutum
887 2539 956 2618 est,
973 2525 1062 2596 iniis
1073 2524 1183 2597 intre·-

176 2635 264 2708 rebo
278 2660 357 2733 quae
372 2649 584 2732 sequuntur,
601 2650 636 2706 et
650 2658 804 2733 quorum
822 2639 1021 2709 necessario
1036 2638 1182 2710 inchoa-

175 2764 248 2822 tam
265 2765 404 2848 partem
420 2748 465 2821 de
488 2748 705 2839 elocutione,
725 2750 770 2823 de
787 2749 982 2823 verborum
1005 2752 1178 2844 numeris,

177 2879 212 2937 et
232 2856 277 2935 de
294 2865 494 2935 dictionum
517 2866 844 2961 sententiarumque
863 2865 1001 2958 formis,
1029 2866 1180 2937 confuso

176 2979 336 3077 quodam
348 2977 528 3049 brevitatis
539 2978 658 3048 nimiae
667 3002 795 3049 acervo
808 2979 1010 3075 congessit³.
1024 2977 1096 3050 Sed
1105 2994 1182 3050 non

176 3113 326 3188 possum
344 3089 430 3187 quin
450 3089 559 3187 paulo
577 3088 710 3162 diutius
726 3115 767 3163 ea
784 3090 1028 3182 considerem,
1048 3117 1126 3189 quae
1141 3091 1181 3162 in
1237 3132 1240 3137 <

177 3201 337 3274 secundo
354 3216 390 3273 et
409 3200 575 3272 vicesimo
594 3204 713 3300 operis
729 3203 856 3303 capite,
880 3203 947 3276 sul)
962 3206 1098 3276 incerto
1117 3196 1181 3275 illo

179 3315 406 3414 Obliquitatis
422 3314 547 3408 tituto,
567 3317 605 3386 in
622 3316 837 3412 indigestum
858 3318 1043 3389 cumulum
1060 3334 1182 3391 rerum

178 3443 392 3524 congregata
414 3442 504 3499 sunt
517 3443 552 3499 et
573 3419 787 3527 compilata.¹
802 3430 891 3516 Quis
912 3431 1025 3520 enim,
1045 3429 1115 3500 nisi
1130 3431 1182 3502 in-

177 3556 273 3613 tente
289 3542 428 3636 legerit,
449 3541 517 3612 sibi
537 3541 671 3636 tingere
685 3543 808 3614 animo
823 3542 950 3641 possit,
966 3565 1041 3614 uno
1057 3541 1120 3613 illo
1137 3542 1181 3615 ti-

179 3654 255 3725 tulo
270 3653 494 3752 Obliquitau‘s
510 3654 658 3728 collecta
675 3657 797 3729 omnia
810 3655 885 3728 haec
902 3657 1090 3754 significari
1101 3672 1181 3756 quae

219 3933 248 3986 l.
271 3929 302 3986 C.
319 3931 347 3987 J.
362 3926 447 3995 Vim,
463 3947 526 4005 cap.
543 3938 628 3986 ivm.

219 4021 246 4075 ἓ.
271 4016 473 4089 Quintil.,VI,
491 4021 524 4088 l,
541 4024 570 4079 7.

220 4110 248 4169 3.
271 4110 303 4168 C.
320 4111 347 4169 J.
364 4107 451 4180 vict,
467 4127 530 4185 cap.
547 4129 666 4164 xx-xxr.
