2738 4928
573 295 793 369 -t32-

181 448 255 518 rica
262 443 432 535 themata,
450 443 675 541 autpoeticas
688 441 956 514 exercitationes
969 439 1186 540 quotidianae

180 556 372 630 imitationi
398 555 600 656 propositas
625 553 894 626 arbitrarentur.
928 553 1016 626 Inde
1052 554 1186 627 factum

181 686 253 761 est,
273 668 373 767 quod
395 693 437 739 ex
460 668 606 738 Ausonii
625 681 661 738 et
680 666 818 737 Sidonii
836 665 1049 764 Apollinaris
1068 669 1188 768 operi·

179 782 249 854 bus
278 795 438 871 constat,
464 793 505 850 ut
525 803 548 847 v
578 793 613 851 et
637 803 674 849 xv
701 779 844 871 saeculo,
873 777 998 851 Gallici
1024 778 1187 852 rhetores

178 896 276 967 varia
311 893 469 992 poetices
504 915 634 989 genera
665 889 820 963 libenter
853 892 1070 963 excolerent.
1117 896 1187 985 Nec

180 1007 299 1079 solum
315 1005 414 1076 hisce
432 1003 621 1102 aequalium
648 1030 754 1075 suurn
770 1004 957 1076 rhetorum
975 1003 1102 1076 studiis
1117 1007 1189 1076 Au·

180 1121 317 1210 sonim,
341 1119 416 1217 ipse
440 1117 597 1190 Gallicus
621 1117 759 1208 rhetor,
785 1119 860 1189 sive
882 1144 947 1215 per
969 1143 1007 1190 se
1030 1117 1188 1189 testimo·

180 1234 242 1304 nio
262 1246 326 1321 est,
346 1232 420 1303 sive
437 1256 502 1328 per
518 1254 561 1301 ea
578 1255 658 1327 quae
674 1229 720 1301 de
732 1229 948 1328 quibusdam
962 1229 1189 1326 Burdigalen-

180 1347 227 1416 sis
240 1343 371 1415 scholae
381 1342 645 1443 professoribus
662 1341 880 1440 praedicavit,
893 1344 967 1414 sive
983 1368 1049 1441 per
1065 1342 1188 1413 laudes

178 1455 310 1555 quibus
331 1455 480 1555 paulum
505 1457 632 1526 Axium
655 1455 839 1524 rhetorem
855 1478 897 1524 ac
913 1469 1059 1554 poetam
1076 1455 1187 1526 comi·

180 1593 282 1660 cum,
318 1568 498 1665 aliosque,
532 1567 660 1665 palmae
689 1566 847 1637 ⁴forensis
886 1580 921 1637 et
956 1591 1188 1638 camenarum

181 1681 303 1770 decus,
315 1680 473 1771 extulit¹;
488 1679 667 1751 sedetiam
680 1677 793 1750 multa
803 1677 943 1749 Sidonii
957 1676 1187 1777 epistolarum

179 1793 260 1864 loca
278 1792 384 1891 plane
397 1790 614 1864 confirmant
624 1807 760 1888 quanto
773 1791 811 1861 iu
827 1817 906 1881 usu,
921 1791 1019 1891 apud
1034 1791 1188 1864 Gallicos

180 1931 205 1972 v
227 1907 357 1979 saeculo
386 1905 531 1977 dicendi
556 1920 806 2004 praeceptores,
834 1906 957 1977 omnia
979 1921 1188 2004 poematum

181 2044 313 2116 genera
331 2019 474 2090 fuerint.
506 2018 646 2107 Quibus
672 2044 693 2090 e
718 2018 806 2092 locis
818 2072 828 2109 ,
855 2020 928 2090 hoe
946 2043 1061 2090 unum
1077 2018 1186 2106 mihi,

180 2133 284 2203 sicuti
304 2131 458 2230 'plenum
483 2146 685 2203 ceterorum
711 2131 906 2231 exemplar,
926 2131 1054 2204 afferre
1072 2131 1188 2203 liccat.

181 2242 352 2315 Sidonius
368 2243 415 2314 ad
432 2247 574 2342 Lupum
587 2244 780 2341 quemdam
798 2245 980 2315 rhetorem
998 2258 1034 2315 et
1045 2258 1189 2342 poetam

182 2355 354 2446 scribens,
375 2381 484 2453 quem
500 2357 633 2448 nimiis,
655 2371 695 2427 ut
724 2356 827 2448 solet,
849 2356 1016 2428 laudibus
1038 2353 1185 2448 extollit,

182 2491 268 2538 eum
295 2468 344 2538 ita
369 2491 453 2537 cum
478 2468 643 2555 Antedio,
673 2467 810 2542 Gallico
831 2484 952 2569 poeta,
978 2468 1133 2561 confert,
1152 2485 1188 2542 ut

182 2575 300 2650 obiter
310 2578 410 2650 hisce
419 2578 538 2650 verbis
550 2579 690 2652 antedii
701 2583 885 2679 ingenium
896 2585 1184 2654 commemoret¹:

184 2719 203 2760 u
223 2690 260 2761 si
276 2690 458 2762 orationes
476 2689 570 2762 illius
585 2692 758 2786 metiaris,
774 2718 868 2786 acer,
884 2694 1078 2788 rotundus,
1094 2719 1189 2767 com·

182 2805 338 2903 positus,
358 2828 538 2875 excussus.
559 2805 596 2875 Si
607 2821 797 2903 poemata,
816 2821 937 2899 tener,
958 2806 1186 2896 multimeter,

183 2930 342 3012 argutus,
361 2915 484 2987 artifex
500 2928 588 2988 erat.
605 2916 770 2990 Faciebat
783 2917 961 3017 siquidem
972 2943 1109 3006 versus,
1124 2943 1186 3016 op-

182 3027 272 3126 pido
293 3042 452 3118 exactos,
477 3041 553 3100 tam
573 3029 708 3128 pedum
729 3030 833 3124 mira,
859 3056 968 3129 quam
993 3029 1189 3127 figurarum

183 3140 365 3211 varietate.
374 3193 381 3209 .
390 3191 415 3210 ..
426 3142 467 3210 ln
479 3142 628 3214 materia
642 3144 914 3218 controversiali
924 3144 1025 3216 fortis
1035 3159 1072 3216 et
1081 3143 1188 3218 lacer·

183 3264 284 3323 tosus
299 3278 308 3340 3
326 3251 363 3322 in
378 3252 517 3324 satirica
534 3252 705 3328 sollicitus
728 3271 764 3328 et
782 3257 932 3331 mordax
947 3287 957 3352 ;
986 3258 1025 3330 in
1041 3259 1188 3357 tragica,

184 3386 296 3435 saerus
322 3377 358 3434 et
382 3363 529 3457 flebitis3
556 3366 593 3436 in
611 3367 749 3440 comica
766 3368 925 3442 urbanus
941 3370 1187 3444 multiformis·

183 3499 279 3572 que;
299 3475 337 3545 in
349 3479 583 3568 Fescennina,
597 3504 751 3554 vernans
762 3480 893 3573 verbis,
910 3497 1064 3556 aestuans
1077 3485 1185 3573 votis;

183 3586 222 3656 in
254 3584 419 3659 bucolica
443 3589 591 3687 vigilax,
622 3616 769 3690 parcus,
790 3594 1121 3687 carminabundus;
1152 3595 1187 3666 in

184 3700 371 3801 georgica,
391 3701 640 3779 sistusticans
659 3706 834 3800 multum,
858 3709 960 3806 quod
976 3707 1069 3781 nihil
1083 3709 1188 3782 rusti-

225 3988 256 4044 l.
281 3985 391 4042 Ausou.
410 3981 520 4054 Epr'st„
534 3995 604 4049 xrv,
618 3968 790 4047 Professor„
804 3970 850 4044 11,
869 3972 900 4026 7.

227 4077 257 4133 2.
283 4068 383 4133 sidon.
400 4065 528 4146 Apollin.
545 4069 656 4142 Epr'st,
672 4063 757 4136 vm,
771 4078 815 4117 ιι.
