2738 4928
658 279 699 351 n
848 227 863 257 ⁸

182 426 304 500 decori
313 425 592 500 commendandi
605 452 740 516 etnam,
754 451 827 501 non
836 429 956 500 minus
965 451 1074 525 quam
1083 425 1131 498 ob
1141 450 1182 499 ea

182 564 260 636 quae
270 539 482 634 conjectavit
494 541 619 629 lllaius,
634 540 755 611 Victor
763 541 872 613 luisse
881 541 995 640 patria
1004 539 1125 612 Gallus
1135 540 1183 611 vi·

181 651 321 724 deatur.
345 656 383 722 ln
402 676 473 748 qua
486 677 617 748 nempe
634 665 728 723 terra
742 667 840 724 tanto
855 653 941 723 olim
957 653 1183 748 ingeniorum

180 781 359 863 proventu
373 765 534 855 ditanda,
545 767 638 837 inter
649 765 936 847 ceterasdicendi
953 780 989 836 et
1004 764 1184 836 scribendi

180 877 376 970 facultates,
392 879 512 949 nescio
529 901 608 973 quac
618 877 745 973 judicii
755 880 898 967 sanitas,
918 892 953 949 et
964 877 1070 973 hujus
1083 876 1183 975 quod

179 991 218 1061 in
236 993 342 1062 omni
352 992 514 1063 oratione
530 992 614 1062 satis
627 990 799 1073 decorum
811 993 855 1062 sit
868 991 1088 1064 conscientia
1098 1014 1183 1088 prae·

179 1106 300 1174 sertim
330 1105 516 1199 eminebit,
545 1104 583 1175 in
612 1128 654 1176 ea
681 1104 856 1177 obscurus
887 1130 924 1175 1v
953 1118 1036 1202 post
1063 1102 1181 1173 Chris-
1217 1102 1221 1110 ’

141 1242 143 1244 ·
180 1231 257 1290 tum
274 1216 391 1289 sacculi
406 1217 534 1308 homo,
549 1217 664 1315 prima
675 1220 749 1315 jam
769 1232 805 1290 et
815 1218 1002 1314 diligenter
1020 1214 1181 1287 animad-

179 1330 361 1414 vertenda,
384 1331 538 1427 propriae
555 1330 661 1426 hujus
679 1331 807 1401 suturis
820 1330 918 1427 apud
937 1328 1058 1401 Gallos
1074 1328 1181 1425 scrip

180 1441 472 1541 torilrusrirtutis
489 1440 620 1524 indicia
639 1442 874 1514 demonstrat.

227 1553 323 1639 Quid
340 1553 452 1649 quod,
471 1553 596 1625 eadem
615 1556 702 1625 recti
716 1555 841 1651 judicii
859 1570 895 1626 et
913 1554 1110 1651 incorrupti
1128 1577 1181 1625 se·

178 1667 325 1737 veritate
361 1667 568 1756 instinctus,
592 1692 771 1765 nusquam
796 1670 833 1740 in
858 1666 952 1738 libro
983 1667 1182 1739 recentiora
1218 1670 1224 1684 '

178 1780 394 1877 scriptorum
411 1780 586 1877 exempla,
609 1807 719 1877 quam
738 1781 962 1870 Quintiliani,
990 1779 1180 1850 nominat?

180 1894 298 1977 Quare
315 1916 432 1987 neque
448 1894 611 1983 Senecas,
631 1919 749 1990 neque
768 1895 912 1982 Plinius,
931 1917 1048 1988 neque
1071 1896 1182 1961 Fron-

181 2015 304 2072 tonem
320 2003 420 2072 illum
437 2019 710 2094 commemorat,
720 2031 829 2101 quem
844 2020 964 2076 minen
976 2005 1104 2074 Titiani
1116 2004 1183 2075 hu·

177 2112 237 2207 jus
254 2115 461 2208 magistrum
479 2114 583 2185 fuisse
602 2116 759 2208 tradunt,
777 2118 882 2187 unius
894 2105 940 2187 'ex
953 2116 1009 2186 his
1026 2141 1183 2212 quorum

180 2225 531 2323 praeceptaquaedam
543 2228 775 2305 oratoriasibi
790 2227 991 2299 vindicavit.
1014 2232 1057 2298 At
1068 2229 1179 2317 enim,

179 2337 274 2408 dicat
297 2339 441 2434 aliquis,
475 2338 614 2410 nullum
647 2341 767 2414 Victor
801 2340 1006 2419 recentioris
1043 2341 1184 2427 Quinti·

177 2451 273 2523 liano
291 2453 471 2550 scriptoris
480 2455 684 2550 exemplum
696 2453 898 2553 proposuit,
910 2476 985 2541 non
1003 2453 1103 2550 quod
1120 2477 1181 2525 an·

177 2563 296 2658 tiquos
308 2564 424 2635 solum
438 2565 617 2661 scribendi
630 2582 794 2640 auctores
808 2567 927 2664 magni
942 2567 1178 2653 aestimaverit,

180 2676 243 2747 sed
257 2676 449 2772 quiaenulla
462 2701 499 2747 se
510 2701 596 2751 ansa
608 2693 644 2748 et
653 2681 793 2750 occasio
803 2681 938 2752 Victori
949 2681 985 2750 in
998 2679 1179 2750 rhetorico

148 2837 149 2840 =
177 2790 356 2862 breviario
370 2790 533 2889 praebuit,
546 2790 609 2862 ubi
626 2792 867 2864 recentiorum
883 2792 1001 2889 aliqua
1019 2793 1181 2891 exempla

177 2896 357 2998 allegaret.
372 2904 438 2982 Cui
450 2903 596 3000 quidem
613 2925 688 2976 non
705 2904 753 2976 ob
765 2930 845 2977 eam
857 2929 1001 2977 causam
1016 2907 1181 3004 opinioni

137 3044 143 3057 ·
179 3019 370 3110 assentior,
390 3016 489 3114 quod
504 3019 648 3104 assidua
662 3007 810 3114 hujusce
833 3019 951 3121 operis
976 3019 1128 3090 lectione
1145 3034 1181 3090 et

179 3131 424 3224 disquisitione
449 3132 639 3203 exercitato
665 3132 754 3202 mihi
779 3132 891 3229 liquet
915 3132 1072 3203 loturum
1094 3157 1179 3204 sane

178 3245 297 3333 luisse,
324 3259 361 3314 ut
386 3269 646 3341 nonnunquam
669 3245 705 3314 in
733 3257 906 3344 perpetuo
924 3234 1000 3348 ejus
1025 3259 1179 3316 tractua

178 3357 437 3429 recentioribus
452 3359 582 3456 scripta
598 3358 762 3455 quaedam
775 3361 954 3443 insereret,
970 3360 998 3428 si
1015 3383 1079 3428 sua
1095 3381 1178 3427 eum

178 3472 233 3574 ³⁶1
247 3471 321 3543 lraec
339 3472 566 3544 inscribenda
582 3474 634 3546 ibi
649 3473 815 3551 voluntas
831 3472 1039 3569 impulisset.

227 3589 383 3673 Caveaut
405 3586 499 3656 enim
517 3586 673 3682 legentes
690 3611 735 3658 ne
752 3587 788 3656 in
805 3587 957 3658 Victoris
973 3585 1179 3684 compendii

179 3715 306 3771 natura
318 3699 545 3795 dijudicanda
558 3700 739 3792 deerrant3
753 3698 852 3796 quod
868 3697 1028 3796 quidem,
1039 3715 1078 3770 ut
1090 3701 1177 3774 mira

179 3837 356 3908 nusquam
371 3811 469 3884 Fabii
481 3812 656 3910 Tulliique
672 3812 1020 3904 ubertatedecurrit,
1036 3815 1085 3885 sic
1102 3841 1176 3887 non

178 3941 251 3997 tam
260 3941 402 3997 curtum
411 3941 463 3997 est
472 3941 505 3999 et
518 3928 709 4016 minutum,
719 3942 757 3997 ut
766 3927 950 4000 rhetoricis
961 3927 1176 4026 quibusdam

178 4039 363 4111 breviariis
373 4040 523 4111 omnino
537 4038 794 4113 conserendum
807 4041 862 4112 sit.
878 4040 985 4129 Quod
1003 4041 1031 4111 si
1049 4041 1086 4110 in
1105 4040 1178 4111 ani·
