<?xml version="1.0" encoding="UTF-8"?>
<!DOCTYPE html PUBLIC "-//W3C//DTD XHTML 1.0 Transitional//EN"
    "http://www.w3.org/TR/xhtml1/DTD/xhtml1-transitional.dtd">
<html xmlns="http://www.w3.org/1999/xhtml" xml:lang="en" lang="en">
 <head>
  <title>
</title>
<meta http-equiv="Content-Type" content="text/html;charset=utf-8" />
  <meta name='ocr-system' content='tesseract 3.04.00' />
  <meta name='ocr-capabilities' content='ocr_page ocr_carea ocr_par ocr_line ocrx_word'/>
</head>
<body>
  <div class='ocr_page' id='page_1' title='image "./decaiijuliivict00damigoog_0168.png"; bbox 0 0 2738 4928; ppageno 0'>
   <div class='ocr_carea' id='block_1_1' title="bbox 573 349 793 422">
    <p class='ocr_par' dir='ltr' id='par_1_1' title="bbox 573 349 793 422">
     <span class='ocr_line' id='line_1_1' title="bbox 573 349 793 422; baseline -0.014 0"><span class='ocrx_word' id='word_1_1' title='bbox 573 349 793 422; x_wconf 72' lang='lat'>-453-</span> 
     </span>
    </p>
   </div>
   <div class='ocr_carea' id='block_1_2' title="bbox 169 495 1190 1278">
    <p class='ocr_par' dir='ltr' id='par_1_2' title="bbox 169 495 1190 1278">
     <span class='ocr_line' id='line_1_2' title="bbox 182 495 1184 602; baseline -0.01 -25"><span class='ocrx_word' id='word_1_2' title='bbox 182 502 896 602; x_wconf 86' lang='lat' dir='ltr'>Quaescriptorumcollationeevenit,ut</span> <span class='ocrx_word' id='word_1_3' title='bbox 906 499 1046 597; x_wconf 90' lang='lat' dir='ltr'>planius</span> <span class='ocrx_word' id='word_1_4' title='bbox 1055 495 1184 567; x_wconf 89' lang='lat' dir='ltr'>intelli-</span> 
     </span>
     <span class='ocr_line' id='line_1_3' title="bbox 169 609 1181 716; baseline -0.01 -27"><span class='ocrx_word' id='word_1_5' title='bbox 169 651 172 656; x_wconf 60' lang='grc'><strong>’</strong></span> <span class='ocrx_word' id='word_1_6' title='bbox 185 643 348 716; x_wconf 85' lang='lat' dir='ltr'>geremus</span> <span class='ocrx_word' id='word_1_7' title='bbox 362 641 472 712; x_wconf 90' lang='lat' dir='ltr'>quare</span> <span class='ocrx_word' id='word_1_8' title='bbox 491 617 626 704; x_wconf 80' lang='lat' dir='ltr'>Victor,</span> <span class='ocrx_word' id='word_1_9' title='bbox 641 615 872 685; x_wconf 86' lang='lat' dir='ltr'>scholasticus</span> <span class='ocrx_word' id='word_1_10' title='bbox 889 612 1039 683; x_wconf 89' lang='lat' dir='ltr'>omnino</span> <span class='ocrx_word' id='word_1_11' title='bbox 1054 609 1181 700; x_wconf 91' lang='lat' dir='ltr'>homo,</span> 
     </span>
     <span class='ocr_line' id='line_1_4' title="bbox 183 727 1183 827; baseline -0.009 -24"><span class='ocrx_word' id='word_1_12' title='bbox 183 757 259 803; x_wconf 92' lang='lat' dir='ltr'>non</span> <span class='ocrx_word' id='word_1_13' title='bbox 270 729 544 827; x_wconf 86' lang='lat' dir='ltr'>Symmachiana</span> <span class='ocrx_word' id='word_1_14' title='bbox 561 728 621 799; x_wconf 92' lang='lat' dir='ltr'>illa</span> <span class='ocrx_word' id='word_1_15' title='bbox 633 728 797 800; x_wconf 84' lang='lat' dir='ltr'>facilitate</span> <span class='ocrx_word' id='word_1_16' title='bbox 814 727 980 798; x_wconf 88' lang='lat' dir='ltr'>inductus</span> <span class='ocrx_word' id='word_1_17' title='bbox 994 727 1049 814; x_wconf 93' lang='lat' dir='ltr'>sit,</span> <span class='ocrx_word' id='word_1_18' title='bbox 1067 749 1183 821; x_wconf 88' lang='lat' dir='ltr'>neque</span> 
     </span>
     <span class='ocr_line' id='line_1_5' title="bbox 184 838 1185 939; baseline -0.009 -22"><span class='ocrx_word' id='word_1_19' title='bbox 184 844 375 917; x_wconf 91' lang='lat' dir='ltr'>conciliare</span> <span class='ocrx_word' id='word_1_20' title='bbox 385 846 537 939; x_wconf 85' lang='lat' dir='ltr'>antiquae</span> <span class='ocrx_word' id='word_1_21' title='bbox 546 840 857 938; x_wconf 89' lang='lat' dir='ltr'>eloquentiaeleges</span> <span class='ocrx_word' id='word_1_22' title='bbox 867 838 1185 911; x_wconf 86' lang='lat' dir='ltr'>cumnovaelacun-</span> 
     </span>
     <span class='ocr_line' id='line_1_6' title="bbox 177 952 1188 1052; baseline -0.007 -24"><span class='ocrx_word' id='word_1_23' title='bbox 177 957 254 1028; x_wconf 88' lang='lat' dir='ltr'>diae</span> <span class='ocrx_word' id='word_1_24' title='bbox 266 956 407 1027; x_wconf 84' lang='lat' dir='ltr'>lascivia</span> <span class='ocrx_word' id='word_1_25' title='bbox 419 955 652 1052; x_wconf 89' lang='lat' dir='ltr'>etpigmentis</span> <span class='ocrx_word' id='word_1_26' title='bbox 665 955 863 1026; x_wconf 87' lang='lat' dir='ltr'>tentaverit.</span> <span class='ocrx_word' id='word_1_27' title='bbox 872 953 1036 1024; x_wconf 90' lang='lat' dir='ltr'>Secunda</span> <span class='ocrx_word' id='word_1_28' title='bbox 1042 952 1188 1023; x_wconf 91' lang='lat' dir='ltr'>conclu·</span> 
     </span>
     <span class='ocr_line' id='line_1_7' title="bbox 174 1067 1185 1167; baseline -0.004 -26"><span class='ocrx_word' id='word_1_29' title='bbox 174 1072 302 1159; x_wconf 85' lang='lat' dir='ltr'>sione,</span> <span class='ocrx_word' id='word_1_30' title='bbox 314 1097 392 1167; x_wconf 90' lang='lat' dir='ltr'>quae</span> <span class='ocrx_word' id='word_1_31' title='bbox 402 1095 422 1141; x_wconf 93' lang='lat' dir='ltr'>e</span> <span class='ocrx_word' id='word_1_32' title='bbox 432 1070 934 1166; x_wconf 87' lang='lat' dir='ltr'>primaoriebatur,Vict0rem</span> <span class='ocrx_word' id='word_1_33' title='bbox 942 1084 977 1139; x_wconf 90' lang='lat' dir='ltr'>et</span> <span class='ocrx_word' id='word_1_34' title='bbox 989 1067 1185 1155; x_wconf 88' lang='lat' dir='ltr'>sententiis,</span> 
     </span>
     <span class='ocr_line' id='line_1_8' title="bbox 187 1169 1190 1278; baseline -0.006 -24"><span class='ocrx_word' id='word_1_35' title='bbox 187 1198 223 1254; x_wconf 90' lang='lat' dir='ltr'>et</span> <span class='ocrx_word' id='word_1_36' title='bbox 239 1169 572 1270; x_wconf 69' lang='lat' dir='ltr'><strong>declamationibus,</strong></span> <span class='ocrx_word' id='word_1_37' title='bbox 598 1197 634 1252; x_wconf 92' lang='lat' dir='ltr'>et</span> <span class='ocrx_word' id='word_1_38' title='bbox 653 1182 875 1278; x_wconf 83' lang='lat' dir='ltr'>panegyricis</span> <span class='ocrx_word' id='word_1_39' title='bbox 893 1179 1108 1251; x_wconf 85' lang='lat' dir='ltr'>dictionibus</span> <span class='ocrx_word' id='word_1_40' title='bbox 1125 1178 1190 1248; x_wconf 91' lang='lat' dir='ltr'>ad-</span> 
     </span>
    </p>
   </div>
   <div class='ocr_carea' id='block_1_3' title="bbox 187 1293 1191 1498">
    <p class='ocr_par' dir='ltr' id='par_1_3' title="bbox 187 1293 1191 1498">
     <span class='ocr_line' id='line_1_9' title="bbox 187 1293 1185 1391; baseline -0.007 -23"><span class='ocrx_word' id='word_1_41' title='bbox 187 1311 367 1368; x_wconf 87' lang='lat' dir='ltr'>versatum</span> <span class='ocrx_word' id='word_1_42' title='bbox 377 1319 583 1391; x_wconf 88' lang='lat' dir='ltr'>esse,quam</span> <span class='ocrx_word' id='word_1_43' title='bbox 594 1294 801 1364; x_wconf 88' lang='lat' dir='ltr'>brevissime</span> <span class='ocrx_word' id='word_1_44' title='bbox 811 1293 1185 1364; x_wconf 88' lang='lat' dir='ltr'>commemoravimus.</span> 
     </span>
     <span class='ocr_line' id='line_1_10' title="bbox 188 1400 1191 1498; baseline -0.004 -26"><span class='ocrx_word' id='word_1_45' title='bbox 188 1404 304 1474; x_wconf 89' lang='lat' dir='ltr'>Tertia</span> <span class='ocrx_word' id='word_1_46' title='bbox 320 1417 440 1472; x_wconf 87' lang='lat' dir='ltr'>autem</span> <span class='ocrx_word' id='word_1_47' title='bbox 456 1417 492 1471; x_wconf 92' lang='lat' dir='ltr'>et</span> <span class='ocrx_word' id='word_1_48' title='bbox 508 1417 665 1472; x_wconf 86' lang='lat' dir='ltr'>extrema</span> <span class='ocrx_word' id='word_1_49' title='bbox 682 1401 718 1470; x_wconf 92' lang='lat' dir='ltr'>id</span> <span class='ocrx_word' id='word_1_50' title='bbox 738 1401 842 1471; x_wconf 92' lang='lat' dir='ltr'>nobis</span> <span class='ocrx_word' id='word_1_51' title='bbox 859 1400 1132 1498; x_wconf 81' lang='lat' dir='ltr'>proposuimus,</span> <span class='ocrx_word' id='word_1_52' title='bbox 1151 1414 1191 1469; x_wconf 89' lang='lat' dir='ltr'>ut</span> 
     </span>
    </p>
   </div>
   <div class='ocr_carea' id='block_1_4' title="bbox 184 1512 1239 3997">
    <p class='ocr_par' dir='ltr' id='par_1_4' title="bbox 184 1512 1239 3997">
     <span class='ocr_line' id='line_1_11' title="bbox 187 1512 1239 1614; baseline -0.005 -28"><span class='ocrx_word' id='word_1_53' title='bbox 187 1515 296 1613; x_wconf 90' lang='lat' dir='ltr'>paulo</span> <span class='ocrx_word' id='word_1_54' title='bbox 317 1515 452 1604; x_wconf 80' lang='lat' dir='ltr'>fusiori,</span> <span class='ocrx_word' id='word_1_55' title='bbox 475 1539 583 1611; x_wconf 91' lang='lat' dir='ltr'>quam</span> <span class='ocrx_word' id='word_1_56' title='bbox 600 1515 636 1585; x_wconf 94' lang='lat' dir='ltr'>in</span> <span class='ocrx_word' id='word_1_57' title='bbox 654 1515 792 1586; x_wconf 89' lang='lat' dir='ltr'>duabus</span> <span class='ocrx_word' id='word_1_58' title='bbox 817 1516 941 1614; x_wconf 85' lang='lat' dir='ltr'>primis</span> <span class='ocrx_word' id='word_1_59' title='bbox 967 1512 1191 1610; x_wconf 85' lang='lat' dir='ltr'>generalibus</span> <span class='ocrx_word' id='word_1_60' title='bbox 1236 1552 1239 1558; x_wconf 77' lang='lat'>,</span> 
     </span>
     <span class='ocr_line' id='line_1_12' title="bbox 188 1626 1189 1726; baseline 0 -28"><span class='ocrx_word' id='word_1_61' title='bbox 188 1626 497 1718; x_wconf 85' lang='lat' dir='ltr'>conclusionibus,</span> <span class='ocrx_word' id='word_1_62' title='bbox 513 1653 634 1698; x_wconf 89' lang='lat' dir='ltr'>rerum</span> <span class='ocrx_word' id='word_1_63' title='bbox 650 1629 885 1726; x_wconf 75' lang='lat' dir='ltr'>explicatione</span> <span class='ocrx_word' id='word_1_64' title='bbox 902 1627 1189 1715; x_wconf 88' lang='lat' dir='ltr'>ostenderemus,</span> 
     </span>
     <span class='ocr_line' id='line_1_13' title="bbox 195 1738 1195 1840; baseline -0.001 -29"><span class='ocrx_word' id='word_1_65' title='bbox 195 1766 355 1836; x_wconf 90' lang='lat' dir='ltr'>quonam</span> <span class='ocrx_word' id='word_1_66' title='bbox 371 1757 478 1839; x_wconf 89' lang='lat' dir='ltr'>pacto</span> <span class='ocrx_word' id='word_1_67' title='bbox 495 1746 534 1813; x_wconf 93' lang='lat' dir='ltr'>C.</span> <span class='ocrx_word' id='word_1_68' title='bbox 557 1738 668 1840; x_wconf 87' lang='lat' dir='ltr'>Julius</span> <span class='ocrx_word' id='word_1_69' title='bbox 689 1745 807 1814; x_wconf 86' lang='lat' dir='ltr'>Victor</span> <span class='ocrx_word' id='word_1_70' title='bbox 824 1768 908 1814; x_wconf 92' lang='lat' dir='ltr'>cum</span> <span class='ocrx_word' id='word_1_71' title='bbox 921 1740 1064 1812; x_wconf 87' lang='lat' dir='ltr'>Gallicis</span> <span class='ocrx_word' id='word_1_72' title='bbox 1080 1765 1117 1810; x_wconf 90' lang='lat' dir='ltr'>1v</span> <span class='ocrx_word' id='word_1_73' title='bbox 1132 1765 1195 1812; x_wconf 88' lang='lat' dir='ltr'>sae·</span> 
     </span>
     <span class='ocr_line' id='line_1_14' title="bbox 196 1852 1194 1951; baseline 0.001 -28"><span class='ocrx_word' id='word_1_74' title='bbox 196 1852 267 1924; x_wconf 92' lang='lat' dir='ltr'>culi</span> <span class='ocrx_word' id='word_1_75' title='bbox 293 1854 497 1925; x_wconf 88' lang='lat' dir='ltr'>rhetoribus</span> <span class='ocrx_word' id='word_1_76' title='bbox 514 1856 677 1946; x_wconf 89' lang='lat' dir='ltr'>collatus,</span> <span class='ocrx_word' id='word_1_77' title='bbox 703 1873 765 1928; x_wconf 90' lang='lat' dir='ltr'>aut</span> <span class='ocrx_word' id='word_1_78' title='bbox 789 1881 872 1928; x_wconf 92' lang='lat' dir='ltr'>cum</span> <span class='ocrx_word' id='word_1_79' title='bbox 899 1857 941 1927; x_wconf 89' lang='lat' dir='ltr'>iis</span> <span class='ocrx_word' id='word_1_80' title='bbox 966 1855 1194 1951; x_wconf 89' lang='lat' dir='ltr'>conspirave-</span> 
     </span>
     <span class='ocr_line' id='line_1_15' title="bbox 191 1966 1197 2059; baseline 0.001 -25"><span class='ocrx_word' id='word_1_81' title='bbox 191 1966 250 2055; x_wconf 90' lang='lat' dir='ltr'>rit,</span> <span class='ocrx_word' id='word_1_82' title='bbox 267 1982 328 2038; x_wconf 90' lang='lat' dir='ltr'>aut</span> <span class='ocrx_word' id='word_1_83' title='bbox 350 1966 396 2036; x_wconf 91' lang='lat' dir='ltr'>ab</span> <span class='ocrx_word' id='word_1_84' title='bbox 412 1969 546 2039; x_wconf 92' lang='lat' dir='ltr'>eisdem</span> <span class='ocrx_word' id='word_1_85' title='bbox 563 1973 756 2050; x_wconf 88' lang='lat' dir='ltr'>recesserit.</span> <span class='ocrx_word' id='word_1_86' title='bbox 777 1971 884 2059; x_wconf 91' lang='lat' dir='ltr'>Quod</span> <span class='ocrx_word' id='word_1_87' title='bbox 902 1986 942 2041; x_wconf 90' lang='lat' dir='ltr'>ut</span> <span class='ocrx_word' id='word_1_88' title='bbox 969 1967 1197 2040; x_wconf 79' lang='lat' dir='ltr'>manifestum</span> 
     </span>
     <span class='ocr_line' id='line_1_16' title="bbox 189 2077 1198 2182; baseline 0.006 -34"><span class='ocrx_word' id='word_1_89' title='bbox 189 2077 318 2172; x_wconf 87' lang='lat' dir='ltr'>fieret,</span> <span class='ocrx_word' id='word_1_90' title='bbox 348 2104 391 2151; x_wconf 84' lang='lat' dir='ltr'>ex</span> <span class='ocrx_word' id='word_1_91' title='bbox 421 2081 568 2153; x_wconf 86' lang='lat' dir='ltr'>Sidonio</span> <span class='ocrx_word' id='word_1_92' title='bbox 599 2085 792 2182; x_wconf 82' lang='lat' dir='ltr'>Apollinari</span> <span class='ocrx_word' id='word_1_93' title='bbox 819 2101 855 2157; x_wconf 92' lang='lat' dir='ltr'>et</span> <span class='ocrx_word' id='word_1_94' title='bbox 886 2086 961 2156; x_wconf 92' lang='lat' dir='ltr'>aliis</span> <span class='ocrx_word' id='word_1_95' title='bbox 993 2084 1198 2156; x_wconf 90' lang='lat' dir='ltr'>auctoribus</span> 
     </span>
     <span class='ocr_line' id='line_1_17' title="bbox 185 2191 1198 2296; baseline 0.004 -34"><span class='ocrx_word' id='word_1_96' title='bbox 185 2191 361 2266; x_wconf 22' lang='lat' dir='ltr'>&#39;duximus</span> <span class='ocrx_word' id='word_1_97' title='bbox 380 2197 557 2292; x_wconf 84' lang='lat' dir='ltr'>quaedam,</span> <span class='ocrx_word' id='word_1_98' title='bbox 577 2199 673 2268; x_wconf 91' lang='lat' dir='ltr'>unde</span> <span class='ocrx_word' id='word_1_99' title='bbox 690 2202 876 2296; x_wconf 75' lang='lat' dir='ltr'>praecipuae</span> <span class='ocrx_word' id='word_1_100' title='bbox 900 2201 1072 2270; x_wconf 84' lang='lat' dir='ltr'>virtutum</span> <span class='ocrx_word' id='word_1_101' title='bbox 1089 2220 1129 2268; x_wconf 88' lang='lat' dir='ltr'>ac</span> <span class='ocrx_word' id='word_1_102' title='bbox 1146 2196 1198 2267; x_wconf 88' lang='lat' dir='ltr'>vi·</span> 
     </span>
     <span class='ocr_line' id='line_1_18' title="bbox 184 2306 1198 2404; baseline 0.005 -30"><span class='ocrx_word' id='word_1_103' title='bbox 184 2306 329 2377; x_wconf 90' lang='lat' dir='ltr'>-tiorum</span> <span class='ocrx_word' id='word_1_104' title='bbox 347 2309 383 2379; x_wconf 92' lang='lat' dir='ltr'>in</span> <span class='ocrx_word' id='word_1_105' title='bbox 401 2309 584 2382; x_wconf 88' lang='lat' dir='ltr'>Gallicana</span> <span class='ocrx_word' id='word_1_106' title='bbox 601 2311 779 2404; x_wconf 87' lang='lat' dir='ltr'>facundia,</span> <span class='ocrx_word' id='word_1_107' title='bbox 794 2329 829 2384; x_wconf 89' lang='lat' dir='ltr'>et</span> <span class='ocrx_word' id='word_1_108' title='bbox 841 2313 983 2385; x_wconf 92' lang='lat' dir='ltr'>Gallicis</span> <span class='ocrx_word' id='word_1_109' title='bbox 997 2311 1198 2384; x_wconf 85' lang='lat' dir='ltr'>oratoribus</span> 
     </span>
     <span class='ocr_line' id='line_1_19' title="bbox 199 2419 1201 2524; baseline 0.002 -34"><span class='ocrx_word' id='word_1_110' title='bbox 199 2443 241 2490; x_wconf 91' lang='lat' dir='ltr'>ac</span> <span class='ocrx_word' id='word_1_111' title='bbox 250 2419 1201 2524; x_wconf 85' lang='lat' dir='ltr'>rhetoribusnobisapparueruntnotae.Quibuspauca</span> 
     </span>
     <span class='ocr_line' id='line_1_20' title="bbox 188 2530 1201 2638; baseline 0.007 -37"><span class='ocrx_word' id='word_1_112' title='bbox 188 2530 247 2603; x_wconf 89' lang='lat' dir='ltr'>de</span> <span class='ocrx_word' id='word_1_113' title='bbox 264 2532 407 2606; x_wconf 91' lang='lat' dir='ltr'>illorum</span> <span class='ocrx_word' id='word_1_114' title='bbox 423 2539 560 2631; x_wconf 86' lang='lat' dir='ltr'>studiis,</span> <span class='ocrx_word' id='word_1_115' title='bbox 576 2540 750 2632; x_wconf 89' lang='lat' dir='ltr'>moribus,</span> <span class='ocrx_word' id='word_1_116' title='bbox 766 2540 977 2638; x_wconf 88' lang='lat' dir='ltr'>quotidiano</span> <span class='ocrx_word' id='word_1_117' title='bbox 989 2539 1132 2611; x_wconf 81' lang='lat' dir='ltr'>vivendi</span> <span class='ocrx_word' id='word_1_118' title='bbox 1146 2561 1201 2633; x_wconf 88' lang='lat' dir='ltr'>ge-</span> 
     </span>
     <span class='ocr_line' id='line_1_21' title="bbox 199 2652 1202 2750; baseline 0.005 -34"><span class='ocrx_word' id='word_1_119' title='bbox 199 2671 285 2718; x_wconf 93' lang='lat' dir='ltr'>nere</span> <span class='ocrx_word' id='word_1_120' title='bbox 302 2664 337 2719; x_wconf 89' lang='lat' dir='ltr'>et</span> <span class='ocrx_word' id='word_1_121' title='bbox 348 2652 556 2724; x_wconf 88' lang='lat' dir='ltr'>conditione</span> <span class='ocrx_word' id='word_1_122' title='bbox 572 2655 839 2750; x_wconf 75' lang='lat' dir='ltr'>subjunximus,</span> <span class='ocrx_word' id='word_1_123' title='bbox 861 2679 902 2725; x_wconf 88' lang='lat' dir='ltr'>ac</span> <span class='ocrx_word' id='word_1_124' title='bbox 918 2654 1049 2724; x_wconf 87' lang='lat' dir='ltr'>deinde</span> <span class='ocrx_word' id='word_1_125' title='bbox 1058 2653 1202 2723; x_wconf 91' lang='lat' dir='ltr'>Victore</span> 
     </span>
     <span class='ocr_line' id='line_1_22' title="bbox 201 2763 1201 2838; baseline 0.006 -9"><span class='ocrx_word' id='word_1_126' title='bbox 201 2775 236 2830; x_wconf 93' lang='lat' dir='ltr'>et</span> <span class='ocrx_word' id='word_1_127' title='bbox 253 2763 406 2835; x_wconf 86' lang='lat' dir='ltr'>Victoris</span> <span class='ocrx_word' id='word_1_128' title='bbox 423 2765 516 2836; x_wconf 89' lang='lat' dir='ltr'>libro</span> <span class='ocrx_word' id='word_1_129' title='bbox 540 2766 586 2837; x_wconf 89' lang='lat' dir='ltr'>ad</span> <span class='ocrx_word' id='word_1_130' title='bbox 610 2767 739 2838; x_wconf 89' lang='lat' dir='ltr'>collata</span> <span class='ocrx_word' id='word_1_131' title='bbox 762 2767 838 2838; x_wconf 87' lang='lat' dir='ltr'>haec</span> <span class='ocrx_word' id='word_1_132' title='bbox 856 2769 979 2838; x_wconf 90' lang='lat' dir='ltr'>omnia</span> <span class='ocrx_word' id='word_1_133' title='bbox 996 2766 1201 2837; x_wconf 86' lang='lat' dir='ltr'>testimonia</span> 
     </span>
     <span class='ocr_line' id='line_1_23' title="bbox 201 2872 1204 2976; baseline 0.007 -33"><span class='ocrx_word' id='word_1_134' title='bbox 201 2872 367 2966; x_wconf 86' lang='lat' dir='ltr'>admoto,</span> <span class='ocrx_word' id='word_1_135' title='bbox 391 2878 440 2948; x_wconf 92' lang='lat' dir='ltr'>sic</span> <span class='ocrx_word' id='word_1_136' title='bbox 465 2879 605 2949; x_wconf 90' lang='lat' dir='ltr'>tertiam</span> <span class='ocrx_word' id='word_1_137' title='bbox 630 2879 727 2950; x_wconf 90' lang='lat' dir='ltr'>illam</span> <span class='ocrx_word' id='word_1_138' title='bbox 749 2879 950 2976; x_wconf 84' lang='lat' dir='ltr'>generalem</span> <span class='ocrx_word' id='word_1_139' title='bbox 982 2895 1018 2950; x_wconf 87' lang='lat' dir='ltr'>et</span> <span class='ocrx_word' id='word_1_140' title='bbox 1040 2878 1204 2950; x_wconf 89' lang='lat' dir='ltr'>ultimam</span> 
     </span>
     <span class='ocr_line' id='line_1_24' title="bbox 203 2987 1204 3081; baseline 0.008 -26"><span class='ocrx_word' id='word_1_141' title='bbox 203 2987 473 3059; x_wconf 86' lang='lat' dir='ltr'>conclusionem</span> <span class='ocrx_word' id='word_1_142' title='bbox 498 2989 729 3081; x_wconf 90' lang='lat' dir='ltr'>absolvimus,</span> <span class='ocrx_word' id='word_1_143' title='bbox 757 3007 797 3063; x_wconf 87' lang='lat' dir='ltr'>ut</span> <span class='ocrx_word' id='word_1_144' title='bbox 824 2992 929 3064; x_wconf 91' lang='lat' dir='ltr'>nobis</span> <span class='ocrx_word' id='word_1_145' title='bbox 954 3017 1038 3062; x_wconf 91' lang='lat' dir='ltr'>cum</span> <span class='ocrx_word' id='word_1_146' title='bbox 1062 2989 1204 3063; x_wconf 91' lang='lat' dir='ltr'>Gallicis</span> 
     </span>
     <span class='ocr_line' id='line_1_25' title="bbox 203 3101 1206 3202; baseline 0.006 -33"><span class='ocrx_word' id='word_1_147' title='bbox 203 3125 239 3170; x_wconf 86' lang='lat' dir='ltr'>1v</span> <span class='ocrx_word' id='word_1_148' title='bbox 272 3102 337 3171; x_wconf 87' lang='lat' dir='ltr'>aevi</span> <span class='ocrx_word' id='word_1_149' title='bbox 374 3101 578 3175; x_wconf 90' lang='lat' dir='ltr'>rhetoribus</span> <span class='ocrx_word' id='word_1_150' title='bbox 612 3105 836 3202; x_wconf 91' lang='lat' dir='ltr'>aliquatenus</span> <span class='ocrx_word' id='word_1_151' title='bbox 867 3107 1069 3177; x_wconf 88' lang='lat' dir='ltr'>consentire</span> <span class='ocrx_word' id='word_1_152' title='bbox 1108 3105 1206 3176; x_wconf 83' lang='lat' dir='ltr'>vide·</span> 
     </span>
     <span class='ocr_line' id='line_1_26' title="bbox 201 3215 1205 3315; baseline 0.007 -33"><span class='ocrx_word' id='word_1_153' title='bbox 201 3226 301 3283; x_wconf 90' lang='lat' dir='ltr'>retur</span> <span class='ocrx_word' id='word_1_154' title='bbox 317 3215 452 3306; x_wconf 83' lang='lat' dir='ltr'>Victor,</span> <span class='ocrx_word' id='word_1_155' title='bbox 471 3218 556 3312; x_wconf 89' lang='lat' dir='ltr'>quia</span> <span class='ocrx_word' id='word_1_156' title='bbox 571 3218 686 3315; x_wconf 91' lang='lat' dir='ltr'>ipsum</span> <span class='ocrx_word' id='word_1_157' title='bbox 702 3219 881 3291; x_wconf 89' lang='lat' dir='ltr'>Gallicum</span> <span class='ocrx_word' id='word_1_158' title='bbox 897 3219 1083 3290; x_wconf 91' lang='lat' dir='ltr'>hominem</span> <span class='ocrx_word' id='word_1_159' title='bbox 1099 3218 1205 3292; x_wconf 88' lang='lat' dir='ltr'>fuisse</span> 
     </span>
     <span class='ocr_line' id='line_1_27' title="bbox 203 3327 1211 3430; baseline 0.009 -37"><span class='ocrx_word' id='word_1_160' title='bbox 203 3327 394 3399; x_wconf 89' lang='lat' dir='ltr'>verisimile</span> <span class='ocrx_word' id='word_1_161' title='bbox 424 3346 532 3419; x_wconf 88' lang='lat' dir='ltr'>esset,</span> <span class='ocrx_word' id='word_1_162' title='bbox 562 3347 586 3403; x_wconf 85' lang='lat' dir='ltr'>a</span> <span class='ocrx_word' id='word_1_163' title='bbox 616 3333 794 3430; x_wconf 84' lang='lat' dir='ltr'>plerisque</span> <span class='ocrx_word' id='word_1_164' title='bbox 825 3358 910 3404; x_wconf 84' lang='lat' dir='ltr'>vero</span> <span class='ocrx_word' id='word_1_165' title='bbox 944 3332 1091 3419; x_wconf 88' lang='lat' dir='ltr'>distare,</span> <span class='ocrx_word' id='word_1_166' title='bbox 1127 3332 1211 3428; x_wconf 91' lang='lat' dir='ltr'>quia</span> 
     </span>
     <span class='ocr_line' id='line_1_28' title="bbox 205 3439 1209 3542; baseline 0.004 -32"><span class='ocrx_word' id='word_1_167' title='bbox 205 3439 437 3512; x_wconf 87' lang='lat' dir='ltr'>scholasticus</span> <span class='ocrx_word' id='word_1_168' title='bbox 454 3445 558 3515; x_wconf 89' lang='lat' dir='ltr'>unice</span> <span class='ocrx_word' id='word_1_169' title='bbox 574 3445 751 3515; x_wconf 87' lang='lat' dir='ltr'>rhetoret</span> <span class='ocrx_word' id='word_1_170' title='bbox 767 3446 920 3542; x_wconf 88' lang='lat' dir='ltr'>antiquae</span> <span class='ocrx_word' id='word_1_171' title='bbox 942 3444 1117 3519; x_wconf 81' lang='lat' dir='ltr'>facundiae</span> <span class='ocrx_word' id='word_1_172' title='bbox 1135 3444 1209 3515; x_wconf 91' lang='lat' dir='ltr'>dic·</span> 
     </span>
     <span class='ocr_line' id='line_1_29' title="bbox 205 3552 1214 3652; baseline 0.004 -31"><span class='ocrx_word' id='word_1_173' title='bbox 205 3552 384 3650; x_wconf 89' lang='lat' dir='ltr'>tionisque</span> <span class='ocrx_word' id='word_1_174' title='bbox 401 3556 534 3652; x_wconf 87' lang='lat' dir='ltr'>rigidus</span> <span class='ocrx_word' id='word_1_175' title='bbox 548 3570 699 3646; x_wconf 89' lang='lat' dir='ltr'>amator,</span> <span class='ocrx_word' id='word_1_176' title='bbox 717 3571 752 3626; x_wconf 90' lang='lat' dir='ltr'>et</span> <span class='ocrx_word' id='word_1_177' title='bbox 767 3555 893 3627; x_wconf 88' lang='lat' dir='ltr'>sterilis</span> <span class='ocrx_word' id='word_1_178' title='bbox 920 3554 1110 3652; x_wconf 85' lang='lat' dir='ltr'>aequalium</span> <span class='ocrx_word' id='word_1_179' title='bbox 1123 3579 1190 3625; x_wconf 91' lang='lat' dir='ltr'>suo</span> <span class='ocrx_word' id='word_1_180' title='bbox 1200 3596 1214 3609; x_wconf 94' lang='lat'>·</span> 
     </span>
     <span class='ocr_line' id='line_1_30' title="bbox 208 3666 1214 3767; baseline -0.001 -28"><span class='ocrx_word' id='word_1_181' title='bbox 208 3694 290 3740; x_wconf 93' lang='lat' dir='ltr'>rum</span> <span class='ocrx_word' id='word_1_182' title='bbox 307 3669 552 3767; x_wconf 88' lang='lat' dir='ltr'>obscurusque</span> <span class='ocrx_word' id='word_1_183' title='bbox 576 3669 658 3741; x_wconf 87' lang='lat' dir='ltr'>ideo</span> <span class='ocrx_word' id='word_1_184' title='bbox 680 3669 821 3757; x_wconf 89' lang='lat' dir='ltr'>doctor,</span> <span class='ocrx_word' id='word_1_185' title='bbox 840 3667 981 3738; x_wconf 90' lang='lat' dir='ltr'>nullum</span> <span class='ocrx_word' id='word_1_186' title='bbox 1004 3692 1120 3766; x_wconf 87' lang='lat' dir='ltr'>prope</span> <span class='ocrx_word' id='word_1_187' title='bbox 1141 3666 1214 3738; x_wconf 91' lang='lat' dir='ltr'>dis-</span> 
     </span>
     <span class='ocr_line' id='line_1_31' title="bbox 204 3782 1214 3881; baseline 0 -29"><span class='ocrx_word' id='word_1_188' title='bbox 204 3782 347 3878; x_wconf 87' lang='lat' dir='ltr'>cipulis,</span> <span class='ocrx_word' id='word_1_189' title='bbox 373 3784 441 3854; x_wconf 92' lang='lat' dir='ltr'>nisi</span> <span class='ocrx_word' id='word_1_190' title='bbox 465 3784 659 3874; x_wconf 77' lang='lat' dir='ltr'>ciceronio,</span> <span class='ocrx_word' id='word_1_191' title='bbox 688 3808 796 3881; x_wconf 88' lang='lat' dir='ltr'>supra</span> <span class='ocrx_word' id='word_1_192' title='bbox 823 3782 1062 3858; x_wconf 85' lang='lat' dir='ltr'>imitationem</span> <span class='ocrx_word' id='word_1_193' title='bbox 1086 3804 1214 3854; x_wconf 89' lang='lat' dir='ltr'>eorum</span> 
     </span>
     <span class='ocr_line' id='line_1_32' title="bbox 208 3896 856 3997; baseline -0.002 -30"><span class='ocrx_word' id='word_1_194' title='bbox 208 3898 383 3994; x_wconf 90' lang='lat' dir='ltr'>positum,</span> <span class='ocrx_word' id='word_1_195' title='bbox 401 3896 583 3996; x_wconf 87' lang='lat' dir='ltr'>exemplar</span> <span class='ocrx_word' id='word_1_196' title='bbox 600 3897 856 3997; x_wconf 91' lang='lat' dir='ltr'>proposuisset.</span> 
     </span>
    </p>
   </div>
   <div class='ocr_carea' id='block_1_5' title="bbox 0 0 1400 4928">
    <p class='ocr_par' dir='ltr' id='par_1_5' title="bbox 0 0 1400 4928">
     <span class='ocr_line' id='line_1_33' title="bbox 0 0 1400 4928; baseline 0 0"><span class='ocrx_word' id='word_1_197' title='bbox 0 0 1400 4928; x_wconf 95' lang='lat' dir='ltr'> </span> 
     </span>
    </p>
   </div>
  </div>
 </body>
</html>
