2738 4928
595 356 645 373 -
669 315 803 395 ra-

242 465 437 567 Deprimis
459 462 613 564 quidem
628 462 770 539 duabus
796 462 957 565 partibus
984 465 1197 564 paucissima

192 580 359 678 praefatus
374 595 429 652 est
448 580 590 671 Victor,
609 577 712 650 sicuti
729 578 776 650 de
794 577 901 652 rebus
917 579 1067 651 omnino
1084 581 1210 654 mani-2

193 695 301 766 festis.
322 693 434 766 Nobis
451 718 538 766 vero
554 692 789 767 animadverti
808 693 891 765 satis
906 693 951 764 sit
967 693 1107 784 omnia,
1117 694 1198 769 ttio-

194 808 281 880 toris
303 821 422 898 aetate,
448 806 623 880 sermonis
643 821 719 879 tum
736 805 960 905 praestantiae,
979 820 1056 878 tum
1074 831 1198 880 neces·

149 911 151 913 ¹
193 923 292 995 seriae
300 920 552 994 consuetudini
562 919 797 1020 praedicandae
805 919 944 994 favisse.
958 923 1199 1018 Praeterquam

195 1033 292 1116 enim
314 1033 416 1130 quod
433 1032 551 1106 nullus
563 1032 640 1130 jam
657 1058 776 1131 paene,
795 1047 835 1104 ut
855 1032 1030 1119 diximus,
1052 1033 1200 1106 excelsae

194 1162 231 1230 et¹
244 1171 338 1218 sanae
353 1146 566 1245 eloquentiae
582 1145 683 1218 locus
695 1161 771 1219 erat
780 1137 941 1237 relictus,
956 1171 1059 1219 novae
1071 1168 1199 1219 omnes

195 1285 316 1331 rerum
332 1261 549 1332 mutationes
565 1263 811 1332 Romanorum
825 1259 986 1332 moribus
998 1274 1033 1332 et
1048 1260 1199 1357 ingeniis

197 1371 330 1463 allatae,
346 1372 458 1468 magis
476 1371 659 1469 magisque
675 1387 712 1444 et
724 1373 900 1453 sermonis
916 1387 952 1444 et
967 1371 1201 1471 epistolarum

199 1484 272 1562 sive
302 1483 540 1556 necessariam
563 1486 761 1575 rationem,
789 1485 863 1558 sive
886 1509 991 1558 usum
1012 1509 1200 1558 commen·

197 1595 345 1668 dabant.
366 1597 542 1684 Quocirca
567 1622 642 1668 uon
664 1597 783 1669 solum
801 1596 1002 1695 quotidiani
1025 1597 1202 1673 sermonis

196 1733 275 1794 mos
296 1724 370 1781 tam
399 1707 579 1781 mutabilis
598 1725 715 1807 ‘quam
741 1711 981 1800 necessarius,
1005 1709 1201 1782 sedetiam

197 1822 407 1920 eloquentiae
435 1820 654 1919 jamdudum
686 1821 924 1921 pessumdatae
954 1835 991 1894 et
1024 1835 1203 1919 corruptae

195 1934 360 2040 quaedam
387 1935 552 2023 satietas,
575 1935 695 2006 invitis
721 1933 926 2006 rhetoribus
951 1948 988 2006 et
1015 1933 1214 2030 declama-¹

175 2046 336 2141 ,toribus
364 2061 401 2119 et
425 2047 618 2145 sophistis,
643 2046 691 2117 ad
715 2046 1024 2118 sermocinationis
1048 2046 1216 2120 formam.

194 2160 333 2257 aliquot
367 2159 549 2249 scribendi
583 2158 812 2256 dicendique,
830 2184 961 2255 genera
989 2155 1202 2232 adduxerat.

196 2277 285 2362 Quae
296 2273 443 2371 quidem
457 2273 631 2347 orationis
641 2273 677 2344 in
693 2297 899 2344 sermonem
910 2272 1124 2363 immutatio,
1138 2296 1205 2371 pa-

196 2412 280 2458 rum
314 2387 413 2485 apud
438 2412 475 2459 1v
504 2385 623 2458 sacculi
649 2385 813 2457 ethnicos
841 2385 1008 2457 homines
1032 2385 1203 2478 evidens,

197 2498 399 2588 clarissimis
415 2498 513 2597 apud
534 2496 748 2571 christianos
767 2499 905 2570 indiciis
922 2497 1116 2595 significata
1132 2512 1200 2571 est.

198 2596 288 2683 Nam
306 2637 373 2710 pro
389 2613 543 2709 antiquae
556 2610 768 2709 eloquentiae
782 2627 954 2709 apparatu
964 2665 974 2700 ,
986 2611 1023 2680 in
1034 2609 1205 2682 omnibus

200 2725 354 2806 Romani
377 2725 518 2824 imperii
539 2724 719 2825 partibas,
744 2723 947 2813 christiani,
966 2722 1073 2794 ctiam
1089 2746 1205 2818 quum

199 2862 267 2935 pro
303 2862 451 2910 suorum
485 2838 597 2910 salute
627 2837 949 2923 concionarentur,
975 2834 1102 2906 miram
1130 2859 1205 2906 ser·

201 2953 319 3032 monis
341 2952 605 3050 simplicitatem
628 2963 910 3050 praeposuerunt.
940 2946 1044 3020 Unde
1071 2948 1204 3021 lactum

201 3080 266 3154 est,
284 3079 324 3136 ut
345 3089 451 3138 sacrae
468 3066 661 3137 conciones
686 3062 784 3161 apud
804 3061 949 3134 Latinos
971 3086 1201 3154 sermonum,

200 3179 297 3278 apud
322 3182 465 3251 Graecos
487 3194 609 3250 antem
637 3187 765 3274 ὁμιλιῶν
794 3178 941 3249 nomine
971 3191 1201 3248 vocarentur.

201 3297 245 3373 At
259 3293 376 3383 enim,
394 3293 481 3390 quid
493 3318 535 3364 ea
547 3318 604 3364 res
614 3292 660 3363 ad
670 3292 867 3382 Victorem,
878 3291 908 3362 si
918 3289 1083 3360 ethnicus
1098 3289 1205 3359 fuisse

200 3405 383 3482 verissime
400 3405 516 3475 dictus
532 3405 603 3475 est?
621 3402 939 3489 Quemadmodum
956 3401 1063 3470 etiam
1079 3399 1117 3468 in
1139 3421 1204 3495 pa·

202 3542 313 3616 genos
326 3518 507 3603 homines,
529 3519 719 3602 Senecam,
736 3514 955 3585 Antoninum
971 3525 1006 3582 et
1022 3508 1132 3598 alios,
1146 3508 1208 3581 ad·

203 3632 357 3716 mirabili
366 3647 402 3703 et
411 3628 646 3700 nihilominus
658 3627 844 3699 manifesta
853 3624 1028 3714 facultate,
1041 3621 1205 3721 quaedam

204 3771 247 3818 ex
259 3744 453 3830 ¹uberrimis
464 3743 536 3814 suis
550 3740 707 3812 fontibus
720 3739 910 3810 christiana
924 3735 1054 3808 infudit
1064 3735 1203 3833 religio,

204 3873 241 3930 et
263 3860 424 3955 quamvis
447 3857 577 3927 inscios
596 3852 763 3925 tenuibus
785 3849 1001 3948 quibusdam
1026 3849 1110 3922 rivis
1125 3849 1206 3921 irri-

205 3975 313 4070 gavit,
326 3971 377 4045 sic
387 3971 566 4042 Victorem
580 3982 757 4058 nostrum,
778 3980 813 4038 et
829 3965 917 4037 alios
933 3963 1095 4036 ethnicos
1111 3963 1206 4058 ejus·

205 4072 291 4159 dem
308 4085 372 4157 aeri
385 4084 600 4184 scriptores,
624 4081 695 4154 late
708 4080 784 4178 jam
803 4078 969 4156 doctrina
990 4075 1207 4150 dominatrix
