2738 4928
569 336 789 411 ss-tut-

176 487 271 576 lihri,
286 511 328 558 ac
337 488 512 585 praecipue
524 487 679 557 duorum
697 486 905 556 ultimorum
915 486 1074 585 capitum
1089 508 1176 556 con·

177 602 373 672 elusionem
383 612 584 699 repetamus
598 614 632 670 et
642 599 778 696 aliquot
789 598 960 698 exemplis
967 598 1176 670 illustratam

175 713 413 804 instruamus,
443 728 481 783 ut
503 713 672 809 deinceps
698 710 743 782 ad
769 713 964 782 secundam
984 725 1019 782 et
1037 710 1177 781 tertiam

177 825 356 896 exordiae
369 822 629 922 perveniamus.
640 823 945 912 Macrobioteste²,
959 820 1177 918 cujusreiha'

176 938 319 1026 Maius²,
340 962 453 1034 quum
478 937 524 1007 tle
549 934 764 1033 Symmacho
792 935 1173 1033 oratorepraefaretnr,

177 1049 297 1120 retulit
309 1080 326 1137 ,·
339 1078 357 1114 ι(
373 1055 537 1136 Quatuor
551 1064 633 1119 saint
644 1071 771 1143 genera
790 1045 931 1118 dicendi
942 1047 1174 1144 :·copiosum,

179 1162 217 1232 in
236 1186 310 1258 quo
323 1163 691 1251 iliceto-dominatum
702 1161 832 1252 breve,
853 1163 889 1231 in
905 1186 979 1259 quo
994 1158 1178 1232 Sallmtins

178 1292 320 1371 reginen
340 1278 486 1365 siccum,
505 1277 604 1372 quod
618 1276 790 1346 Frontoni
807 1274 1038 1362 adscribitur,
1048 1273 1179 1371 pingue

177 1389 410 1478 et'lloridum,
421 1392 466 1460 in
487 1414 560 1486 quo
573 1389 703 1460 Plinius
713 1386 904 1477 secundus,
919 1386 1178 1459 etuuncuullu

176 1513 337 1570 veterum
367 1503 485 1572 minor
511 1516 633 1571 noster
660 1501 893 1597 Symmachus
911 1500 1128 1570 luxuriatur.
1159 1524 1177 1566 a

177 1611 318 1698 Quibus
325 1628 512 1709 equatuor
521 1613 664 1684 dicendi
677 1613 879 1708 generibus,
892 1612 1181 1683 siSnllustianum

178 1748 358 1822 excerpas,
379 1739 502 1823 utpote
526 1726 626 1823 quod
647 1726 829 1797 Sallustius
853 1750 975 1799 rerum
1003 1740 1181 1822 gestarum

181 1837 353 1933 scriptor,
379 1862 453 1908 non
479 1862 603 1909 revera
630 1852 750 1908 autem
774 1850 897 1909 orator
914 1836 1182 1926 exstiterit,tria

180 1964 400 2046 supererunt·
410 1949 555 2021 dicendi
581 1974 734 2046 genera,
754 1974 832 2047 quae
852 1976 926 2021 non
944 1952 1063 2021 minus
1086 1948 1183 2047 apud

179 2062 313 2150 Gallos,
336 2066 644 2159 qunm·Romanos
660 2065 770 2162 ipsos,
790 2065 1082 2135 tumdiutissimc
1099 2077 1183 2135 ante

178 2176 332 2246 Victoris
342 2177 530 2274 probabile
538 2202 667 2260 aevum,
687 2192 764 2248 tum
779 2180 858 2276 ipso
866 2178 1016 2273 hujusce
1029 2176 1183 2248 rhetoris

179 2310 255 2359 aevo
272 2290 433 2360 floruisse
452 2303 676 2386 compertum
690 2306 754 2360 est.
781 2296 834 2362 Ne
855 2293 951 2362 enim
967 2295 1014 2361 Μ.
1027 2289 1184 2360 Tutilium

179 2401 320 2496 loquar,
345 2403 446 2496 cujus
467 2403 630 2499 perlectae
647 2402 857 2499 eloquentiae
871 2405 908 2474 in
937 2405 1036 2474 omni
1053 2403 1186 2475 littera·

179 2536 261 2583 rum
281 2538 411 2608 genere
432 2515 611 2611 specimen
640 2515 731 2586 adeo
762 2529 967 2586 constanter
995 2513 1184 2586 Gallorum

180 2610 389 2696 nostrorum
408 2627 534 2696 animis
551 2626 778 2699 obversatum
796 2642 859 2717 est,
880 2642 919 2698 ut
932 2652 967 2696 ·v
991 2628 1100 2697 etiam
1118 2650 1182 2697 sae·

181 2737 251 2808 culi
281 2738 501 2835 temporibus
535 2741 702 2810 Sidonius
728 2740 956 2837 Apollinaris⁰
976 2768 995 2807 u
1015 2743 1061 2826 Q.
1081 2741 1186 2835 Sym-

180 2851 313 2939 machi,
334 2866 375 2921 ut
389 2853 449 2939 ait,
469 2852 825 2941 rotunditatem,Caii
838 2852 938 2922 Plinii
957 2851 1185 2948 disciplinam

181 2966 494 3059 maturitatemque
517 2965 668 3060 vestigiis
692 2965 982 3062 praesumptuosis
1004 2965 1186 3035 insecutu-

182 3096 264 3166 rus,
279 3104 296 3139 n
309 3075 539 3146 exclamaret:
556 3106 573 3142 a
585 3100 669 3146 uam
680 3077 725 3146 de·
736 3080 782 3146 M.
799 3076 912 3146 Tullio
928 3075 1029 3146 silere
1041 3077 1078 3146 in
1091 3074 1185 3172 stylo

182 3187 364 3285 epistolari
387 3188 512 3258 melius
537 3203 644 3286 puto,
667 3189 792 3261 »adeo
819 3214 857 3260 se
877 3189 1083 3260 absolutum
1105 3189 1187 3259 elo-

182 3302 407 3398 quentissimi
429 3304 593 3372 omnium
606 3304 672 3374 viri
684 3304 865 3399 exemplar
877 3304 1005 3372 imitari
1024 3329 1062 3374 se
1078 3326 1186 3400 posse

182 3415 411 3512 desperabat,
430 3420 745 3487 Frontonem-etC.
771 3417 924 3486 Plinium
933 3432 967 3487 et
977 3417 1085 3515 hujus
1102 3417 1187 3487 assi*

182 3524 296 3597 duum
315 3529 528 3600 imitatorem
550 3531 820 3626 Symmachum,
840 3556 947 3602 nemo
966 3555 1042 3601 non
1059 3529 1188 3601 litteris

109 3626 112 3631 ⁴
182 3639 340 3711 imbutus
363 3664 438 3710 non
461 3641 598 3713 dubitet
621 3644 815 3741 plurimum
841 3644 1060 3716 auctoritatis
1085 3640 1187 3742 apud

223 3843 255 3898 l..
278 3838 405 3900 Macrob.
420 3843 549 3914 Satara,
564 3847 603 3916 V,
618 3847 648 3900 l.

224 3930 253 3987 2.
276 3927 332 3985 Adi
345 3929 451 3986 Maium
468 3934 504 3986 de
519 3933 682 4005 Synunaclio
699 3946 809 3990 oratore
821 3947 849 3990 et
870 3935 908 3989 de
921 3933 1083 4007 Symmachi
1098 3934 1185 4007 stylo,

207 4061 215 4079 .
277 4039 287 4072 1
317 4066 324 4079 .

183 4037 380 4168 P²S.VIt‘ii1tls1u.
395 4104 522 4184 Apollin.
539 4110 646 4184 Epist„
662 4114 693 4187 1,
704 4130 730 4171 r.

819 4226 836 4257 0
