2738 4928
702 321 899 393 ..58-

299 492 334 553 et
346 475 578 550 deliberativo
592 486 629 545 et
645 473 843 571 praesertim
859 469 1020 569 judiciali
1042 494 1184 566 genere,
1203 493 1299 567 prae-

298 606 402 689 cepta
420 587 691 687 conscripsisse3
715 587 773 658 vel
797 585 897 684 quod
922 609 964 658 ea
989 598 1130 656 tantum
1150 582 1300 656 artificio

298 703 459 802 quodam
482 700 647 773 illustrari
671 698 858 790 volebant,
886 724 965 796 quae
997 697 1044 771 ad
1070 721 1302 768 communem

298 817 435 917 publici
451 815 584 912 eloquii
597 838 702 885 usum
719 812 949 912 prodessent,
962 813 1019 885 vel
1035 811 1134 908 quod
1145 836 1186 883 ea
1202 810 1302 884 facile

298 930 509 1001 translatum
524 929 567 998 iri
579 926 627 999 ad
643 941 777 999 ceteras
794 951 920 998 omnes
936 926 1104 997 dictionis
1117 923 1302 1021 cujuslibet

297 1057 417 1143 partes
432 1040 691 1114 existimabant.
707 1045 755 1111 Ut
763 1040 809 1112 de
825 1064 1009 1129 sermone,
1021 1039 1071 1110 ita
1089 1038 1135 1110 de
1146 1037 1303 1135 epistolis

298 1156 434 1253 aliqua,
450 1155 621 1253 pauciora
631 1153 732 1245 licet,
744 1152 1039 1252 sparsarecolligi
1055 1154 1094 1222 in
1105 1150 1209 1221 Tullii
1217 1176 1303 1249 ope·

298 1269 399 1342 ribus
414 1269 512 1342 haud
530 1267 685 1342 arduum
695 1282 800 1339 esset.
813 1271 903 1338 Item
919 1267 955 1337 in
973 1265 1074 1337 Fabii
1083 1265 1304 1336 institutione

299 1382 466 1481 quaedam
481 1381 527 1453 de
543 1396 694 1479 utraque
704 1406 748 1453 ea
765 1380 914 1452 materia
929 1394 1056 1451 notare
1074 1379 1207 1478 possis,
1227 1403 1304 1475 quae

298 1497 580 1584 suoloeo,sicuti
586 1494 996 1593 Ciceroniana,prolerri
1006 1518 1081 1566 non
1091 1493 1301 1564 inutileerit.

299 1609 372 1682 Sed
389 1625 583 1705 antequam
597 1609 644 1680 ad
660 1608 815 1679 Victoris
832 1608 944 1705 ipsius
963 1606 1037 1678 duo
1055 1605 1180 1676 ultima
1190 1605 1306 1703 capita

300 1736 542 1811 transeamus,
561 1719 784 1807 Quintiliano
811 1734 958 1790 auctore
980 1717 1306 1790 animadvertamus

301 1859 378 1905 non
387 1858 463 1905 esse
475 1831 728 1905 admirandum
738 1828 838 1928 quod
849 1829 1097 1922 erhetoribus‚
1109 1831 1172 1927 qui
1181 1843 1307 1928 postea

301 1947 519 2037 floruerunt,
539 1959 679 2016 tantum
696 1944 871 2015 momenti
888 1958 924 2014 et
944 1943 1115 2040 ponderis
1131 1943 1255 2014 Victor
1270 1944 1306 2014 in

301 2059 599 2131 sermocinatione
611 2057 783 2155 posuerit.
796 2061 874 2126 Jam
890 2056 987 2127 enim
997 2056 1207 2143 Quintiliani
1219 2070 1307 2127 tem·

301 2174 452 2272 poribus
468 2171 633 2270 quidam,
652 2187 691 2242 ut
708 2185 856 2244 testatur
872 2175 896 2263 ¹,
913 2170 1051 2243 nullam
1065 2196 1140 2241 esse
1156 2185 1307 2244 natura-

302 2285 374 2356 lem
387 2284 563 2383 putabant
575 2283 835 2380 eloquentiam,
848 2314 865 2348 ι(
876 2284 944 2354 nisi
954 2310 1033 2382 quae
1043 2284 1088 2355 sit
1096 2284 1306 2382 quotidiano

303 2397 462 2470 sermoni
487 2395 684 2486 simillima,
707 2422 781 2493 quo
807 2422 891 2468 cum
912 2399 1052 2490 amicis,
1072 2397 1304 2494 conjugibus,

303 2509 442 2601 liberis,
467 2511 576 2581 servis
596 2510 800 2605 loquamur,
820 2523 990 2582 contento
1013 2537 1179 2611 promere
1200 2512 1309 2584 animi

303 2622 545 2714 voluntatem,
563 2622 726 2720 nihilque
746 2623 904 2695 arcessiti
929 2639 965 2695 et
988 2624 1160 2696 elaborati
1182 2625 1309 2722 requi-

303 2751 422 2829 rente3
435 2735 607 2835 quicquid
618 2734 691 2807 hue
703 2736 748 2807 sit
757 2735 954 2832 adjectum,
974 2737 1011 2809 id
1023 2763 1100 2810 esse
1113 2737 1308 2810 affectatio·

304 2852 378 2942 nis,
399 2865 435 2922 et
450 2849 646 2922 ambitiosae
662 2851 700 2921 in
716 2849 901 2947 loquendo
914 2851 1110 2947 jactantiae,
1131 2865 1310 2923 remotum

234 3003 241 3015 .
300 2987 328 3060 ‘a
352 2963 515 3051 veritate,
543 2960 739 3057 fictumque
766 2962 930 3058 ipsorum
958 2965 1069 3059 gratia
1094 2962 1308 3052 verborum,

303 3073 437 3171 quibus
454 3073 572 3145 solum
584 3089 713 3146 natura
729 3074 774 3145 sit
786 3074 946 3146 officium
957 3076 1167 3148 attributum
1181 3077 1311 3148 servire

303 3185 480 3259 sensibus.
505 3216 522 3252 n
543 3190 623 3273 Qua
639 3187 676 3257 in
703 3185 964 3284 disputatione,
982 3205 1024 3261 ut
1045 3187 1211 3261 nonnihil
1233 3189 1309 3260 veri

307 3323 384 3372 esse
393 3297 522 3370 Fabius
538 3298 703 3370 coneedit
713 3304 736 3391 ²,
756 3301 806 3372 ita
822 3301 872 3372 illi
889 3303 1017 3374 merito
1030 3334 1047 3397 ς(
1061 3303 1166 3375 aliam
1176 3326 1312 3398 quam-

307 3411 392 3484 dam
404 3411 545 3483 videtur
560 3411 694 3485 habere
707 3427 872 3485 naturam
886 3440 1003 3486 sermo
1016 3416 1189 3512 vulgaris,
1206 3414 1312 3485 aliam

281 3581 284 3587 .
306 3526 375 3597 viri
391 3524 590 3621 eloquentis
602 3525 730 3596 oratio.
749 3554 767 3593 n
786 3529 950 3599 Attamen
964 3529 1159 3627 disputatio
1176 3526 1253 3598 haee
1269 3551 1312 3596 eo

308 3638 495 3732 diligenter
506 3637 713 3709 annotanda
726 3652 794 3729 est,
813 3641 913 3736 quod
925 3666 999 3713 una
1016 3657 1068 3713 est
1079 3667 1098 3712 e
1110 3641 1225 3712 causis
1235 3663 1313 3737 quae

309 3752 443 3850 optime
466 3749 656 3823 ostendant
675 3775 741 3821 our
764 3754 939 3825 sermonis
962 3754 1114 3853 dignitas
1136 3755 1249 3852 magis
1273 3777 1313 3827 ac

351 4025 380 4081 l.
404 4021 537 4096 Quintil,
551 4025 625 4093 XII,
641 4027 696 4099 10,
713 4027 763 4082 to.

351 4114 380 4170 2.
405 4110 813 4190 Quintit.,xl1‚to,4t-tt.
