2738 4928
584 277 728 375 -.423
754 317 801 328 ..

189 423 280 523 dant
304 425 534 523 ingeniorum
560 440 597 497 et
622 424 813 497 Gallicana
848 424 1060 521 eioquentiae
1093 438 1193 495 notas

178 537 393 629 trahemus,
412 532 779 636 quaenonsolumad
795 537 1014 636 professores
1032 562 1097 608 eos
1111 560 1195 635 per-

187 634 348 740 tineant,
368 651 435 749 qui
458 652 497 722 in
530 650 770 749 Burdigalensi
792 650 878 721 ludo
904 650 1090 723 rhetoricae
1111 649 1195 743 artis

176 751 370 869 jpoecepta
384 765 662 862 explicaverunt,
681 780 742 836 aut
759 788 803 834 ex
816 763 944 835 eodem
960 764 1144 861 gymnasio
1156 764 1193 835 in

188 867 278 949 alias
293 877 433 949 scholas
450 878 662 976 peregrinati
678 892 783 964 sunt,
798 875 863 947 sed
882 877 986 947 etiam
1005 875 1054 947 ad
1069 899 1195 947 ornnes

187 986 337 1091 *dicendi
372 989 558 1087 magistros
591 991 653 1087 qui
685 991 723 1060 in
753 989 875 1059 Galliis
907 1015 942 1061 ru
976 989 1105 1075 saeculo
1127 989 1194 1061 sso-

144 1109 148 1116 ’
190 1090 358 1203 ruerunt,
373 1101 540 1199 ideoque,
559 1118 600 1173 ut
612 1100 800 1173 verisimiie
816 1116 886 1193 est,
898 1101 944 1172 ad
961 1105 1001 1172 C.
1014 1102 1196 1172 Victorem

190 1215 622 1315 nostrnmprodueantur,
642 1215 820 1315 praecipua
837 1213 913 1289 haec
929 1214 967 1284 in
987 1213 1196 1304 Ausonianis

177 1327 353 1431 ¹versibus
380 1327 607 1429 Gallicorum·
633 1327 819 1399 rhetorum
849 1327 982 1424 eloquii
1004 1326 1105 1422 signa
1133 1328 1197 1398 im-

176 1439 1193 1544 ,pressaesseexistimabimusNonminusAusoniiaetate,

176 1570 424 1653 ,quamantea
436 1554 548 1625 nimio
558 1554 854 1652 panegyricarum
863 1551 1195 1624 dictionumamore

191 1666 287 1767 Galii
303 1666 468 1739 homines
485 1692 527 1738 ao
545 1666 705 1738 rhetores
720 1665 953 1751 laborabatur
969 1690 1043 1735 non
1057 1665 1192 1757 minus,

182 1805 301 1887 ,quam
318 1780 422 1881 olim,
447 1780 548 1852 fictas
562 1780 731 1853 ludorum
749 1779 848 1870 lites,
872 1779 909 1850 id
926 1792 995 1870 est,
1007 1777 1196 1871 *declama-

192 1892 310 1963 tiones
334 1890 534 1987 incredibili
561 1916 683 1963 rerum
702 1892 1032 1986 sententiarumque
1056 1890 1198 1962 lieentia

176 2001 453 2103 ,lascivientem
473 2005 628 2100 majores
663 2006 775 2075 nostri
807 2002 1035 2077 adornabant.
1068 2007 1197 2098 Ingens

191 2129 360 2214 praeterea
372 2117 566 2189 verborum
579 2115 783 2188 volubilitas
800 2131 836 2188 et
852 2117 1005 2205 flumen,
1027 2139 1136 2211 quarn
1148 2114 1198 2187 di·

190 2229 299 2302 cendi
314 2245 508 2302 torrentem
520 2231 663 2328 copiam
674 2229 830 2328 appellat
840 2229 1029 2320 Ausonius,
1042 2228 1198 2317 maxima

163 2357 183 2437 J
189 2345 496 2442 pronuntiationis
517 2359 554 2415 et
571 2344 735 2414 omnium
761 2368 839 2440 quae
856 2341 904 2412 ad
921 2341 1019 2413 vocis
1040 2341 1199 2412 inflexio·

190 2481 289 2549 nem,
300 2456 428 2529 adoris
441 2457 738 2548 moderationem,
754 2457 801 2531 ad
813 2456 1002 2528 oculorum
1014 2469 1134 2543 nutus,
1149 2453 1196 2526 ad

192 2569 356 2668 corporis
382 2584 523 2660 motus,
558 2570 604 2642 ad
641 2569 829 2641 decentem
855 2569 1003 2639 vestitus
1030 2567 1196 2638 habitum

192 2696 410 2781 spectarent,
429 2709 533 2776 cura;
552 2683 660 2771 acris,
681 2697 717 2753 et
732 2682 869 2778 vigens,
888 2694 924 2751 et
939 2682 986 2750 ita
999 2679 1113 2750 fidelis
1125 2703 1197 2753 me·

180 2797 328 2895 moria,
354 2811 394 2868 ut
410 2812 550 2897 arrepta
570 2796 681 2868 semel
704 2794 816 2866 verba
832 2795 974 2892 penitus
998 2794 1120 2864 animo
1137 2793 1197 2867 de·

179 2907 267 2997 ‚fixa
281 2911 456 2983 retineret
470 2911 646 3006 (veterum
662 2908 850 2979 rhetorum
862 2932 903 2978 ac
920 2906 1115 3005 praesertim
1133 2909 1195 2978 Se·

193 3019 1196 3121 necaeilliuspatris¹inmorem,quiduomillianominum

193 3135 353 3226 recitata,
365 3160 439 3232 quo
452 3135 579 3207 ordine
590 3150 707 3207 essent
723 3135 830 3225 dieta,
846 3160 883 3205 se
896 3132 1092 3204 reddidisse
1106 3158 1196 3215 asse-

194 3251 341 3346 verat);
363 3252 429 3323 tria
441 3250 537 3341 haec,
551 3254 656 3351 copia
674 3277 818 3348 nempe,
837 3249 1101 3348 pronuntiatio,
1122 3274 1197 3319 me·

193 3365 323 3453 moria,
335 3365 372 3436 in
385 3366 542 3437 maximo
553 3365 694 3436 honore
709 3364 922 3460 assiduoque
934 3387 1000 3432 usu
1011 3361 1106 3460 apud
1117 3361 1197 3453 Gaif

194 3475 283 3547 iicos
318 3477 462 3548 dicendi
495 3479 682 3572 magistros
713 3490 825 3545 erant.
867 3474 953 3544 inde
983 3475 1195 3544 memoriam

193 3591 389 3686 praesertim
397 3588 602 3684 intelligitur
614 3603 687 3659 tam
696 3612 787 3684 saepe
796 3586 841 3656 ab
850 3587 1019 3677 Ausonio,
1033 3586 1069 3655 in
1080 3609 1195 3683 aequa-

180 3700 293 3794 ¹libus
310 3703 383 3773 suis
396 3727 438 3774 ae
450 3702 630 3800 plerisque
642 3700 781 3795 civibus
798 3695 1008 3796 eloquentia
1015 3696 1196 3796 professo·

235 3966 266 4026 i.
292 3965 335 4022 Μ.
357 3964 435 4024 Anu.
458 3965 560 4022 Senec.
587 3963 701 4022 libetur.
729 3963 868 4036 Contrua,
884 3958 938 4028 lib,
963 3964 993 4038 1,
1019 3981 1050 4041 p.
1068 3959 1194 4038 5⁴¹,Ed

184 4048 360 4112 'LeMaire-
1113 4053 1116 4057 ’
