2738 4928
578 343 775 416 ..roffi

193 561 199 570 .
225 502 307 568 Haec
328 492 506 565 habebam
530 515 610 588 quae
636 488 681 559 de
706 494 931 582 Hermagorae
957 485 1120 558 doctrina
1144 502 1180 559 et

176 610 320 706 ingenio
343 605 554 696 scriberem,
577 617 770 697 antequam
796 626 838 672 ea
865 599 1074 694 attingerem
1101 625 1180 698 quae

176 723 329 795 Victoris
347 721 540 791 Rhetoricae
559 716 809 815 suppeditavit.
829 719 932 785 Nunc
949 739 1095 811 quoque
1114 739 1181 812 op-

177 850 375 934 portunum
394 833 440 904 de
462 832 575 903 Tullio
600 846 635 902 et
657 830 877 918 Quintiliano
902 845 1017 927 pauca
1041 829 1181 926 praefari

177 947 376 1035 videretur3
403 945 486 1031 sed,
510 959 550 1016 ut
565 959 671 1015 antea
686 944 859 1035 diximus,
881 942 1071 1013 illustriora
1098 956 1182 1013 sunt

178 1061 364 1156 utriusque
388 1075 423 1130 et
447 1057 596 1129 nomina
621 1072 655 1127 et
681 1081 810 1153 opera,
840 1080 948 1152 quam
979 1068 1019 1125 ut
1042 1055 1087 1125 de
1115 1054 1183 1125 illis

180 1197 464 1244 commemorare
496 1170 661 1269 quaedam
694 1195 835 1241 necesse
861 1170 918 1240 sit.
956 1171 1183 1267 Quapropter

178 1284 367 1356 inutilibus
383 1286 506 1357 ceteris
522 1283 788 1382 praefationibus
804 1283 944 1373 relictis,
956 1284 1121 1379 protinus
1137 1281 1184 1353 ad

179 1389 406 1493 Hermagorae
435 1400 610 1496 primum,
643 1397 773 1468 deinde
799 1413 919 1468 autem
943 1397 1125 1468 Ciceronis
1149 1409 1185 1467 et

181 1512 391 1597 Quintiliani
402 1525 578 1609 praecepta
591 1512 629 1581 in
642 1511 791 1582 Victoris
803 1508 1060 1606 compendium
1073 1523 1185 1580 trans-

179 1620 250 1694 lata
268 1624 464 1718 aggrediar.

603 1828 763 1846 ψ

200 2027 203 2031 ’
221 2009 245 2092 S
259 2015 287 2070 5.
305 2016 336 2073 C.
352 2013 422 2071 sulii
433 2013 556 2072 Victoris
573 2014 651 2073 Artis
663 2013 823 2072 Rhetoricae
836 2012 1022 2071 materiarum
1035 2031 1158 2073 summa.

202 2251 208 2281 -,
220 2208 301 2278 ¹Se‘d
324 2223 406 2280 ante
425 2209 549 2281 omnia
560 2254 561 2257 =
571 2209 660 2279 nihil
676 2210 796 2305 potius
818 2207 864 2279 ad
878 2209 1023 2279 illorum
1039 2232 1118 2303 quae
1134 2231 1189 2278 se·

184 2334 340 2416 quentur
366 2322 655 2419 perspicuitatem
680 2320 894 2390 collaturum
918 2343 992 2389 esse
1020 2319 1187 2411 arbitror,

129 2427 131 2434 ’
185 2455 293 2529 quam
312 2433 341 2503 si
367 2432 494 2529 rapido
512 2457 634 2503 rerum
652 2432 777 2502 ordine
796 2432 948 2503 rhetoris
968 2432 1080 2502 nostri
1097 2457 1190 2529 opus

184 2543 411 2641 disposuero.
446 2546 517 2631 Qui
547 2545 694 2640 quidem
720 2545 881 2640 quinque
911 2545 1073 2614 oratoriae
1106 2545 1191 2616 artis

185 2671 317 2754 partes,
330 2658 575 2729 inventionem
587 2682 717 2755 nempe
733 2672 769 2729 et
784 2657 1058 2756 dispositionem
1073 2670 1109 2726 et
1119 2658 1191 2728 elo·

185 2770 367 2840 cutionem
399 2785 435 2841 et
465 2771 677 2858 memoriam
704 2785 739 2842 et
770 2770 1119 2869 pronuntiationem,
1149 2794 1192 2841 ex

185 2882 442 2979 plerorumque
467 2883 564 2982 apud
587 2884 753 2980 antiquos
778 2885 965 2955 rhetorum
987 2908 1105 2971 more,
1124 2883 1193 2952 sin·

186 2997 286 3090 gulas
304 2997 456 3067 vicissim
473 2996 677 3094 proponit¹,
698 2997 760 3066 sed
783 2996 830 3067 ita
852 3022 918 3094 pro
936 2996 1105 3094 peculiari
1125 2995 1193 3066 sibi

186 3108 326 3178 ratione
352 3109 598 3180 inventionem
624 3122 761 3197 tractat,
784 3123 825 3178 ut
850 3109 887 3178 in
918 3132 962 3179 ea
977 3130 1192 3206 non-prose·

188 3220 340 3316 quendae
363 3244 404 3291 ac
424 3218 647 3317 proferendae
668 3219 835 3311 actionis,
866 3219 930 3291 sed
958 3217 1192 3317 disponendae

187 3346 296 3429 atque
314 3331 526 3404 meditandae
543 3331 707 3403 ordinem
721 3344 902 3429 sequatur.
915 3335 1036 3418 Quum
1053 3344 1190 3417 autem,

187 3459 230 3516 ut
244 3447 294 3516 ait
303 3448 327 3538 ²,
346 3447 383 3517 in
406 3444 622 3543 proferenda
647 3446 789 3517 actione
813 3469 905 3543 saepe
930 3446 1067 3541 primus
1092 3444 1193 3514 locus

188 3559 364 3654 prooemio
377 3558 494 3649 detur,
513 3557 646 3630 dehinc
661 3559 872 3656 plerumque
887 3557 1094 3648 narrationi,
1111 3569 1196 3654 post

188 3670 401 3765 egressibus,
414 3685 491 3741 tum
504 3671 773 3767 quaestionibus,
785 3684 822 3742 et
834 3670 1026 3741 novissime
1035 3668 1193 3768 epilogo,

190 3781 253 3852 sed
270 3782 308 3852 in
324 3783 539 3877 cogitatione
554 3783 841 3890 nihilantiquius
856 3797 893 3856 et
908 3783 991 3885 ideo
1007 3782 1107 3885 prius
1118 3806 1195 3855 ver·

178 3990 181 3993 ’
232 4013 262 4068 r.
288 4013 320 4074 e.
334 4016 362 4071 J.
378 4011 466 4085 viu,
480 4016 622 4087 rnen,
637 4032 668 4093 p.
686 4014 752 4072 aa.

231 4104 262 4163 2.
288 4103 321 4163 C.
336 4106 354 4160 J
358 4147 364 4162 .
379 4104 468 4184 Vico,
483 4124 547 4185 cap.
564 4125 592 4180 x,
607 4107 645 4161 de
658 4107 839 4179 Inventione,
853 4121 884 4183 p.
899 4106 931 4162 4.
