2738 4928
584 307 782 381 ..45-

179 456 303 531 Cicero
319 449 460 548 dixerit,
472 461 581 554 alque
597 454 822 543 eamibidem
834 459 971 530 Fannio
981 460 1179 533 orationem

177 584 426 660 recte,·contra
450 569 710 642 nonnullorum
728 569 1003 666 dubitationem,
1018 575 1181 647 vindica-

177 685 284 774 verit3
304 708 490 781 quumque
507 683 621 782 prima
647 684 752 755 etiam
774 684 960 757 concionis
980 687 1054 781 ejus
1073 686 1181 759 verba

176 798 212 868 in
230 799 336 870 tertio
354 798 400 870 de
415 801 565 871 Oratore
583 797 697 870 libro¹
714 799 891 886 retulerit,
912 800 1074 897 profecto
1097 826 1180 874 cum

176 913 281 984 Tullii
297 913 469 1012 opinione
482 911 729 986 confirmanda
748 913 882 1011 optime
899 938 940 985 ea
956 917 1177 1014 conspirant,

177 1052 269 1124 quae,
290 1026 408 1099 multis
425 1041 506 1126 post
518 1026 717 1098 Tullianam
734 1041 871 1099 aetatem
886 1028 1038 1120 saeculis,
1059 1029 1181 1102 rhetor

176 1153 299 1209 noster
326 1163 346 1210 e
369 1140 552 1211 Fanniana
574 1139 737 1211 oratione
760 1140 797 1210 in
819 1165 911 1237 opus
932 1166 1038 1212 suum
1055 1140 1179 1212 tradu-

176 1250 290 1321 cenda
307 1251 456 1322 curavit.
477 1251 583 1322 Ennii
599 1265 720 1323 autern
736 1250 949 1322 Sabinarum
960 1251 1031 1325 hoc
1043 1253 1179 1324 inedito

176 1363 283 1434 loco’
302 1389 310 1433 z
335 1393 353 1429 κ
372 1367 463 1434 Cum
479 1363 594 1461 spolia
611 1364 731 1460 generi
744 1363 977 1456 detraxeritis,
998 1391 1106 1462 quam
1123 1368 1182 1436 in-

177 1478 407 1574 scriptionem
434 1475 591 1547 dabitisl
618 1504 636 1543 u
665 1475 899 1548 confirmatur
930 1481 1066 1570 Ennio,
1090 1481 1189 1551 sicut,

176 1614 258 1671 vere
276 1591 410 1660 Maius⁸
427 1588 608 1679 observat,
623 1588 747 1660 titulus
765 1590 883 1686 operis
899 1589 1052 1680 Sabinae,
1073 1616 1183 1688 quum

175 1704 306 1776 diserte
329 1718 590 1774 memoraverat
607 1702 809 1775 Macrobius
820 1705 843 1792 ⁸,
864 1703 927 1775 sed
944 1704 1090 1801 quidam
1115 1707 1180 1775 cri·

176 1810 266 1887 ticus
283 1817 462 1888 immerito
479 1815 713 1889 aboleveratl.
735 1818 904 1890 Nonnihil
919 1845 1004 1916 ergo
1021 1821 1067 1891 ad
1085 1820 1182 1890 litte-

177 1932 276 2000 rariae
285 1931 337 2001 rei
349 1929 641 2027 apudllomanos
649 1929 837 2001 historiam
854 1947 991 2004 seruata
1005 1957 1024 2003 a
1037 1934 1180 2004 Victore

179 2040 376 2136 fragmenta
392 2036 598 2137 proliciunt.

228 2151 400 2249 Equibus
413 2149 622 2222 nonnullius
638 2150 696 2220 illa
713 2153 887 2224 momenti
896 2167 980 2222 sunt
988 2178 1079 2250 quae,
1100 2179 1185 2251 pas-¹

178 2267 246 2337 sim
268 2290 311 2336 ex
332 2263 526 2362 deperditis
545 2263 648 2348 Tullii
662 2263 832 2362 operibus
848 2280 1049 2363 assumpta,
1067 2292 1183 2338 exem·

177 2379 236 2478 pla
262 2377 449 2476 disposuit.
482 2380 697 2473 Quanquam
726 2379 825 2448 enim
853 2377 1098 2450 confitendum
1130 2396 1184 2452 est

177 2493 308 2564 horum
321 2492 493 2590 pleraque
511 2490 586 2562 esse
607 2489 774 2580 breyiora
798 2492 981 2588 magisque
1004 2507 1180 2583 truncata,

177 2631 286 2704 quam
305 2619 345 2674 ut
363 2630 407 2676 ex
429 2606 472 2674 iis
493 2603 657 2700 quaedam
678 2605 715 2674 in
743 2629 857 2677 unum
877 2604 986 2676 veluti
1011 2607 1184 2676 orationis

177 2745 310 2817 corpus
326 2717 541 2805 coalescant,
561 2718 598 2787 in
617 2717 752 2787 amissis
769 2716 825 2787 vel
848 2717 981 2786 mutilis
1001 2719 1185 2788 concioni·

176 2833 246 2905 bus
257 2857 324 2931 pro
337 2830 452 2903 Tullio
463 2832 485 2921 ⁰,
501 2854 568 2927 pro
581 2830 730 2900 Fonteio
741 2833 764 2919 ⁷,
785 2844 820 2900 et
833 2845 957 2901 contra
971 2833 1185 2902 concionem

177 2946 338 3034 Meretw,
360 2944 476 3015 Maio⁹
490 2957 610 3014 tamen
630 2942 748 3038 aliqua
765 2941 849 3013 inde
868 2942 1094 3040 decerpenda
1110 2969 1185 3016 esse

177 3061 310 3132 utiliter
338 3057 520 3146 videntur,
554 3071 595 3126 ut
622 3057 805 3127 Ciceronis
840 3055 1018 3127 lacunosis
1049 3057 1185 3154 aliquot

178 3176 382 3247 orationum
398 3171 486 3243 loeis
502 3169 563 3240 lux
579 3168 756 3266 affulgeat.
776 3169 846 3241 Sed
862 3169 937 3241 haee
948 3169 1131 3242 hactenus.

220 3388 249 3442 l.
275 3366 339 3442 cte.
350 3382 386 3438 de
403 3381 532 3451 Oratore,
547 3378 608 3450 111,
625 3380 675 3436 47.

221 3478 250 3531 ἓ.
276 3476 308 3532 C.
329 3475 356 3530 J.
378 3468 465 3542 Vict.‚·
490 3487 554 3546 cap.
569 3487 619 3536 v1,
641 3463 664 3545 S
682 3469 718 3534 6,
743 3483 773 3542 p.
796 3466 846 3522 52.

221 3566 250 3621 3.
275 3561 365 3632 Jbtd,
380 3570 442 3617 not.
461 3561 491 3615 2.
612 3579 615 3582 >

222 3656 251 3710 l.
276 3647 405 3709 Macrob.
430 3651 545 3707 Satura.
564 3648 620 3718 VI,
644 3645 673 3700 5.
700 3686 703 3691 .

225 3749 254 3802 5.
280 3741 336 3800 Adi
350 3738 458 3799 Maium
471 3741 513 3794 ad
527 3739 585 3800 Cic.
599 3738 636 3792 de
649 3737 734 3809 step,
750 3734 794 3803 11,
810 3735 839 3790 7.

223 3840 252 3895 6.
277 3837 309 3892 C.
323 3835 350 3890 J.
362 3828 450 3900 Vico,
465 3847 530 3906 cap.
545 3846 593 3896 v1‚
607 3828 637 3893 l,
653 3843 684 3902 p.
700 3825 738 3881 43
748 3843 757 3896 3
772 3839 837 3899 cap.
849 3840 910 3891 xrv,
926 3840 957 3900 p.
975 3823 1013 3881 78
1025 3833 1054 3881 et
1066 3824 1116 3881 79..

223 3931 252 3984 7.
276 3923 365 3995 thid,
381 3940 427 3989 v1,
444 3921 481 3991 2,
495 3937 526 3996 p.
541 3918 657 3984 43-443
672 3932 738 3992 cap.
751 3932 799 3989 vr,
816 3915 854 3984 4,
869 3931 900 3990 p.
917 3915 968 3971 48.

223 4017 251 4072 8.
273 4013 363 4086 Ιόἰᾱ.,
378 4027 443 4087 cap.
467 4027 514 4078 π,
529 4009 565 4081 3,
580 4025 612 4085 p.
627 4007 678 4063 45.

224 4109 253 4164 9.
279 4102 335 4161 Ad.
350 4103 387 4161 C.
397 4102 426 4157 J.
441 4096 530 4168 vtet,
544 4116 575 4176 p.
592 4095 649 4167 43,
663 4103 727 4152 not.
743 4095 773 4151 2.
