2738 4928
582 355 778 432 ...28-

184 512 231 582 ris
260 511 373 582 totius
398 509 607 597 terminum,
638 531 737 578 nunc
765 531 786 578 e
813 506 1004 598 Cicerone,
1033 530 1134 579 nunc
1164 529 1187 579 e

182 623 404 711 Quintiliano
422 646 496 693 esse
514 621 736 719 transcripta.

231 736 373 809 Omissa
390 760 476 832 ergo
503 736 603 806 omni
621 733 681 805 hic
697 733 904 832 disputandi
921 756 1040 819 mora,
1061 730 1108 803 ad
1128 755 1185 804 se·

182 850 337 922 cundem
369 849 519 948 triplicis
549 846 797 945 descriptionis
825 861 964 945 partem
996 844 1186 916 confestim
1267 868 1269 879 ·

182 962 370 1062 pervenire
387 973 633 1060 opportunum
647 973 717 1048 est,
730 959 792 1030 ubi
809 960 845 1030 in
858 959 1013 1032 deterius
1028 958 1187 1056 plerum·

183 1099 254 1172 que
276 1075 399 1145 Victor
427 1072 530 1145 Tullii
557 1088 592 1144 et
619 1071 718 1144 Fabii
749 1073 910 1171 exempla
934 1071 1182 1144 commutavit.

184 1192 348 1275 Quorum
379 1211 420 1258 ea
452 1184 704 1258 tantummodo
730 1212 813 1283 quse
846 1186 998 1257 manime
1032 1183 1185 1280 insignia

183 1300 271 1388 sint,
291 1299 402 1370 modo
421 1324 441 1370 e
459 1302 649 1386 Cicerone,
670 1298 782 1370 modo
812 1324 831 1371 e
858 1297 1103 1385 Quintiliano,
1128 1321 1186 1367 se-

182 1410 343 1484 cundum
368 1409 572 1483 Rhetorices
599 1411 751 1484 Victoris
778 1409 944 1482 ordinem
972 1409 1103 1501 ducta,
1125 1434 1186 1481 ex·

183 1524 293 1626 pendi
307 1549 426 1622 nperae
443 1525 598 1623 pretium
617 1524 695 1597 erit.

234 1639 395 1708 Primum
407 1636 512 1732 hujus
530 1638 668 1733 generis
680 1636 883 1734 exemplum
899 1637 1086 1708 arhetoris
1104 1659 1187 1706 nos·

185 1748 229 1818 tri
255 1763 384 1819 octavo
414 1748 530 1845 capite
555 1762 710 1845 petatur.
741 1748 793 1818 lbi
818 1749 864 1820 de
886 1745 1065 1847 probabili
1081 1768 1186 1842 argu·

183 1861 404 1933 mentatione
421 1860 587 1958 quaedam
613 1887 633 1933 a
661 1861 925 1933 rhetoricorum
947 1863 1065 1959 primo
1086 1861 1190 1932 Cice·

184 1975 283 2045 ronis
315 1973 407 2045 libro
435 1972 591 2044 deducta
619 1974 850 2073 praecipiens,
884 1973 1049 2047 eamdem
1081 1989 1190 2071 atque

183 2085 329 2157 Tullius¹
344 2085 562 2157 inductionis
575 2085 727 2158 formam
740 2088 924 2185 proponit,
940 2086 1191 2184 elepidissimo

184 2196 356 2268 Socratici
372 2193 549 2267 AEschinis
566 2219 731 2266 sermone
750 2194 974 2287 translatam,
993 2196 1030 2266 in
1048 2219 1123 2292 quo
1141 2195 1192 2265 in·

184 2309 380 2405 terroganti
408 2309 559 2404 Aspasiae
581 2307 673 2379 male
696 2309 915 2406 respondent
946 2334 1044 2381 nunc
1069 2313 1192 2380 Xeno·

185 2420 304 2520 phou,
345 2445 442 2492 nuuc
476 2420 726 2516 Xenophontis
760 2447 864 2494 uxor.
902 2424 1008 2510 Quod
1042 2423 1193 2520 quidem

186 2533 390 2632 exemplum
404 2558 447 2605 eo
462 2533 671 2630 pretiosius,
688 2534 788 2631 quod
806 2536 990 2607 rarissimis
1007 2561 1122 2607 unum
1138 2549 1194 2608 est

187 2671 229 2717 ex
248 2646 458 2741 fragmentis
475 2646 647 2717 Socratici
670 2647 864 2738 AEschinis,
893 2664 929 2720 et
957 2650 1146 2746 perspicue
1171 2673 1194 2723 a

187 2756 407 2844 Quintiliano
423 2759 433 2794 ¹
450 2774 793 2851 commemoratum,
819 2775 920 2832 curte
939 2775 974 2831 et
996 2759 1138 2858 illepide
1157 2772 1193 2830 et

188 2867 341 2941 obscure
360 2871 540 2943 a'Victore
561 2871 744 2968 allegatur,
766 2873 828 2971 qui
852 2899 969 2972 neque
997 2873 1111 2944 ullum
1127 2896 1192 2944 eo·

188 3005 270 3051 rum
294 2981 429 3054 ibidem
453 2982 736 3082 colloquentium
754 2988 943 3078 nominat,
962 3011 1081 3084 neque
1098 2973 1196 3058 unde

190 3091 279 3163 illud
298 3095 440 3165 traxerit
458 3095 647 3189 admonet,
667 3098 822 3194 ideoque
848 3115 983 3172 tantam
1006 3099 1196 3195 caliginem

188 3205 387 3300 legentibus
411 3208 583 3303 obducit,
614 3226 652 3282 ut
681 3213 750 3284 nisi
767 3215 977 3285 Ciceronem
1001 3228 1037 3286 et
1053 3213 1196 3300 Quinti-

189 3319 325 3391 lianum
359 3333 420 3391 aut
450 3340 713 3419 praenoscerent
746 3341 806 3399 aut
829 3327 988 3415 adirent,
1021 3327 1078 3398 vix
1111 3325 1196 3401 satis

189 3433 428 3530 intelligerent
444 3449 650 3508 truncatum
668 3462 689 3510 a
704 3440 850 3513 Victore
871 3457 908 3513 ct
932 3441 1054 3513 natira
1069 3465 1197 3511 renus-

190 3560 263 3638 tate
280 3549 491 3620 destitutum
509 3551 726 3649 exemplum.

240 3663 320 3730 Non
334 3659 460 3732 eadem
474 3664 658 3736 severitate
672 3665 803 3739 deinde
819 3666 1138 3766 reprehendendus
1149 3667 1199 3740 vi-

191 3769 446 3845 deturVictor⁸
462 3775 580 3871 quod,
600 3802 714 3874 quum
728 3780 927 3877 perlectum
937 3779 1101 3853 oratoriae
1112 3781 1199 3853 anis

234 3967 263 4022 l.
287 3963 345 4022 Cic.
362 3967 398 4022 de
410 3970 583 4043 Inventione,
598 3973 627 4040 1,
644 3974 693 4031 31.

233 4056 264 4117 2.
287 4053 422 4129 Quintil,
436 4060 476 4129 V,
492 4059 547 4130 ll,
563 4062 669 4122 27-29.

234 4144 262 4206 3.
285 4145 318 4204 C.
332 4146 359 4202 J.
375 4143 464 4220 Vict,
478 4163 546 4227 cap.
560 4168 602 4207 rx.
