2738 4928
587 327 784 401 *[ιῖ-

177 471 274 565 riam
284 470 545 550 institutionem
563 488 625 547 aut
642 477 971 553 recentissimorum
987 466 1181 577 eloquendi

178 585 437 682 magistrorum>
451 589 635 665 sententiis
656 613 701 661 atr:r
720 589 872 687 legibus,
891 606 952 666 aut
968 595 1181 691 plerumque

176 699 285 773 etiam
293 698 594 790 declamationum
606 704 720 779 causis
733 729 823 802 quas
834 708 1010 781 suasorias
1022 709 1182 806 appella

177 809 267 886 hant
288 826 327 886 et
346 814 624 908 controversias,
646 816 804 910 refersit,
828 843 896 891 nce
920 819 1038 893 minus
1061 835 1181 896 tamen

177 923 321 1000 idcirco·
343 923 548 1007 constanter
562 929 723 1025 argutias
734 930 817 1005 istas
834 955 959 1004 omnes
977 956 1019 1008 ac
1036 932 1180 1008 delicias

176 1040 265 1110 novi
273 1040 411 1136 generis
418 1039 637 1115 ab-oratione
647 1043 951 1142 repulit,quarurn
959 1047 1181 1144 praecipuum

176 1164 363 1228 auctorem
378 1154 551 1234 Senecam
563 1156 716 1250 graviter
730 1157 964 1255 vituperavit,
980 1160 1029 1230 ita
1041 1161 1178 1249 Victor,

176 1266 347 1359 quamvis
357 1267 489 1338 nunori
509 1268 642 1362 ingenii
665 1268 830 1341 facultate
846 1271 1031 1368 praeditus,
1059 1271 1180 1345 decla·-

178 1377 348 1449 matorias
373 1401 464 1474 saepe
484 1376 623 1462 theses,
648 1378 834 1452 rhetorum
865 1383 1028 1453 omnium
1052 1383 1177 1473 instar,

180 1487 343 1585 exempla
367 1489 483 1586 ponit,
507 1503 543 1562 et
563 1493 912 1590 oratoriapraecepta
939 1494 1180 1572 recentiorum

180 1598 287 1671 etiam
296 1599 405 1676 Fabio
422 1601 674 1698 magistrorum
685 1604 867 1701 sequitur;
886 1603 949 1676 sed
959 1604 1100 1676 nullum
1114 1631 1180 1681 uu-

177 1734 287 1806 quam
303 1737 421 1810 neque
432 1714 468 1785 in
482 1713 722 1806 canonibus,
742 1739 861 1811 neque
876 1715 913 1785 in
927 1717 1084 1812 epistolis
1097 1743 1180 1795 con·

178 1823 388 1919 scribendis,
408 1841 592 1903 auctorem
608 1827 739 1918 alium,
763 1853 874 1925 quam
886 1830 1055 1927 antiquos
1072 1834 1179 1931 scrip

179 1950 292 2032 tores,
312 1955 348 2012 et
364 1941 539 2038 imprimis
555 1944 603 2014 M.
621 1941 795 2034 Tullium,
816 1943 991 2016 nominat.
1013 1946 1041 2014 Α
1057 1946 1179 2031 Quin-

178 2050 303 2124 tiliano
318 2069 439 2147 autem
449 2055 487 2125 in
500 2079 542 2126 ea
553 2079 592 2126 re
603 2055 740 2145 Victor,
753 2069 793 2125 ut
804 2050 975 2147 vidimus,
986 2056 1177 2155 discrepat,

177 2164 279 2260 quod
291 2166 381 2238 alter
388 2167 593 2265 plenissima
601 2192 722 2239 rerum
734 2168 1063 2266 sententiarumque
1075 2174 1181 2267 copia

162 2275 394 2382 exuberans,
410 2293 605 2377 temperata
620 2279 749 2352 excelsi
761 2281 893 2376 ingenii
908 2283 1076 2375 gravitate
1086 2284 1180 2355 anti-

178 2414 332 2486 quorum
354 2391 631 2465 admirationem
651 2417 736 2465 cum
754 2393 932 2491 prudente
948 2417 1031 2490 erga
1047 2419 1178 2466 recen·-

178 2502 310 2573 tiorum
327 2504 443 2576 studia
458 2504 679 2601 indulgentia
694 2505 905 2602 conjungam
919 2506 1008 2581 alter
1023 2532 1123 2599 vero,
1140 2523 1179 2582 ut

178 2618 319 2710 angusti
335 2617 467 2714 ingenii
483 2617 618 2708 horne,
638 2619 676 2690 in
693 2621 844 2715 angusto
860 2619 1054 2692 rhetorices
1070 2646 1178 2695 com-

177 2730 314 2827 pendio
329 2730 504 2824 inclusus,
518 2732 641 2828 jejuna
655 2746 798 2805 tanturn
810 2732 945 2805 exiliter
967 2733 1114 2805 edoceat
1137 2758 1179 2808 ac

130 2830 131 2834 ¹
178 2843 269 2916 nihil
289 2868 403 2919 causae
422 2843 562 2935 afferat,
581 2869 646 2916 cur
670 2843 894 2942 aliquatenus
919 2847 955 2916 in
978 2847 1180 2919 orationem
1226 2938 1227 2941 Ἴ

179 2955 384 3053 recipienda
406 2957 478 3034 sint
498 2981 579 3054 quae
595 2956 979 3033 suntareeentiorihus
994 2958 1181 3030 immutata

179 3082 216 3140 et
234 3085 377 3143 novata.
398 3069 475 3145 Sed·
491 3093 536 3142 oo
562 3069 644 3140 loco
662 3068 738 3142 haec
754 3068 843 3141 nihil
859 3068 906 3140 ad
923 3094 1012 3141 rem.

230 3183 399 3272 atenim,
427 3183 458 3254 si
478 3197 555 3256 tam
569 3205 691 3253 severa
711 3181 928 3277 antiquitatis
945 3180 1182 3253 admiratione

180 3294 362 3388 inductus,
377 3297 500 3369 Victor
508 3284 691 3368 nrovoru'm
702 3295 866 3366 omnium
875 3295 1092 3391 scriptorum
1105 3309 1180 3364 tur·

179 3404 265 3478 barn
277 3431 297 3477 a
309 3422 569 3506 praeceptorum
580 3406 776 3479 Rhetoricae
789 3406 879 3477 Artis
891 3405 1061 3503 exemplis
1074 3405 1181 3500 longe

180 3519 370 3592 excludere
386 3521 538 3612 videtur,
550 3543 661 3618 quare
678 3544 752 3590 uon
771 3518 1000 3615 antiquorum
1013 3521 1182 3589 Romanae

179 3633 390 3731 eloquentiae
400 3633 605 3732 principum
619 3632 776 3706 studium
792 3631 925 3728 pariter
942 3630 1178 3727 amplectitur,

180 3770 255 3842 quo
268 3745 318 3817 illi
331 3751 536 3818 Graecorum
550 3746 684 3818 litteras
698 3769 740 3815 ex
756 3745 835 3842 ipso
848 3743 960 3834 sonte,
975 3744 1181 3842 plenissimo

180 3858 292 3930 veluti
309 3859 454 3950 haustu,
473 3857 706 3951 exundantes,
726 3881 793 3928 nee
809 3857 1024 3928 tenuissimis
1041 3855 1183 3954 quibus-

183 3971 267 4044 dam
287 3973 373 4044 rivis
394 3973 578 4063 deductas,
598 3987 645 4045 ut
659 3969 904 4046 incredibilem
922 3972 1183 4068 restinguerent

183 4085 291 4177 sitim,
305 4083 671 4185 sibiassumpserunu
687 4084 870 4161 Victorem
889 4084 987 4155 enim
998 4082 1109 4177 libere
1131 4081 1149 4155 s
1166 4123 1182 4137 ·
