<?xml version="1.0" encoding="UTF-8"?>
<!DOCTYPE html PUBLIC "-//W3C//DTD XHTML 1.0 Transitional//EN"
    "http://www.w3.org/TR/xhtml1/DTD/xhtml1-transitional.dtd">
<html xmlns="http://www.w3.org/1999/xhtml" xml:lang="en" lang="en">
 <head>
  <title>
</title>
<meta http-equiv="Content-Type" content="text/html;charset=utf-8" />
  <meta name='ocr-system' content='tesseract 3.04.00' />
  <meta name='ocr-capabilities' content='ocr_page ocr_carea ocr_par ocr_line ocrx_word'/>
</head>
<body>
  <div class='ocr_page' id='page_1' title='image "./decaiijuliivict00damigoog_0123.png"; bbox 0 0 2738 4928; ppageno 0'>
   <div class='ocr_carea' id='block_1_1' title="bbox 16 630 96 699">
    <p class='ocr_par' dir='ltr' id='par_1_1' title="bbox 16 630 96 699">
     <span class='ocr_line' id='line_1_1' title="bbox 16 630 96 699; baseline 0 -64"><span class='ocrx_word' id='word_1_1' title='bbox 16 630 96 699; x_wconf 59' lang='lat' dir='ltr'><em>s</em></span> 
     </span>
    </p>
   </div>
   <div class='ocr_carea' id='block_1_2' title="bbox 676 332 895 405">
    <p class='ocr_par' dir='ltr' id='par_1_2' title="bbox 676 332 895 405">
     <span class='ocr_line' id='line_1_2' title="bbox 676 332 895 405; baseline -0.009 0"><span class='ocrx_word' id='word_1_2' title='bbox 676 332 895 405; x_wconf 85' lang='lat' dir='ltr'><strong>——t08-</strong></span> 
     </span>
    </p>
   </div>
   <div class='ocr_carea' id='block_1_3' title="bbox 290 479 1297 1820">
    <p class='ocr_par' dir='ltr' id='par_1_3' title="bbox 290 479 1297 1820">
     <span class='ocr_line' id='line_1_3' title="bbox 293 479 1288 580; baseline -0.001 -28"><span class='ocrx_word' id='word_1_3' title='bbox 293 506 349 553; x_wconf 90' lang='lat' dir='ltr'><strong>res</strong></span> <span class='ocrx_word' id='word_1_4' title='bbox 372 483 503 554; x_wconf 90' lang='lat' dir='ltr'><strong>multos</strong></span> <span class='ocrx_word' id='word_1_5' title='bbox 518 482 660 573; x_wconf 91' lang='lat' dir='ltr'><strong>habuit,</strong></span> <span class='ocrx_word' id='word_1_6' title='bbox 681 507 811 580; x_wconf 87' lang='lat' dir='ltr'><strong>nempe</strong></span> <span class='ocrx_word' id='word_1_7' title='bbox 824 481 1034 572; x_wconf 83' lang='lat' dir='ltr'><strong>Ausonium,</strong></span> <span class='ocrx_word' id='word_1_8' title='bbox 1051 479 1288 570; x_wconf 90' lang='lat' dir='ltr'><strong>Macrobium‚</strong></span> 
     </span>
     <span class='ocr_line' id='line_1_4' title="bbox 295 594 1290 686; baseline -0.001 -21"><span class='ocrx_word' id='word_1_9' title='bbox 295 595 537 686; x_wconf 79' lang='lat' dir='ltr'><strong>Ambrosium,</strong></span> <span class='ocrx_word' id='word_1_10' title='bbox 549 594 1005 683; x_wconf 88' lang='lat' dir='ltr'><strong>Paulinum,Prudentium,</strong></span> <span class='ocrx_word' id='word_1_11' title='bbox 1022 594 1290 686; x_wconf 86' lang='lat' dir='ltr'><strong>Cassiodorum,</strong></span> 
     </span>
     <span class='ocr_line' id='line_1_5' title="bbox 290 707 1293 804; baseline -0.001 -27"><span class='ocrx_word' id='word_1_12' title='bbox 290 707 496 800; x_wconf 91' lang='lat' dir='ltr'><strong>Sidonium,</strong></span> <span class='ocrx_word' id='word_1_13' title='bbox 517 723 699 779; x_wconf 80' lang='lat' dir='ltr'><strong>auctorem</strong></span> <span class='ocrx_word' id='word_1_14' title='bbox 714 707 759 778; x_wconf 90' lang='lat' dir='ltr'><strong>de</strong></span> <span class='ocrx_word' id='word_1_15' title='bbox 775 710 940 804; x_wconf 84' lang='lat' dir='ltr'><strong>prorniss.</strong></span> <span class='ocrx_word' id='word_1_16' title='bbox 954 711 1016 795; x_wconf 90' lang='lat' dir='ltr'><strong>D.,</strong></span> <span class='ocrx_word' id='word_1_17' title='bbox 1031 709 1172 777; x_wconf 89' lang='lat' dir='ltr'><strong>Graecos</strong></span> <span class='ocrx_word' id='word_1_18' title='bbox 1184 707 1293 777; x_wconf 89' lang='lat' dir='ltr'><strong>etiam</strong></span> 
     </span>
     <span class='ocr_line' id='line_1_6' title="bbox 293 819 1292 916; baseline 0 -26"><span class='ocrx_word' id='word_1_19' title='bbox 293 820 501 911; x_wconf 85' lang='lat' dir='ltr'><strong>Libanium,</strong></span> <span class='ocrx_word' id='word_1_20' title='bbox 536 823 717 891; x_wconf 80' lang='lat' dir='ltr'>Socratem</span> <span class='ocrx_word' id='word_1_21' title='bbox 751 835 857 915; x_wconf 92' lang='lat' dir='ltr'><strong>atque</strong></span> <span class='ocrx_word' id='word_1_22' title='bbox 888 819 1097 908; x_wconf 73' lang='lat' dir='ltr'><strong>Callistum,</strong></span> <span class='ocrx_word' id='word_1_23' title='bbox 1131 819 1292 916; x_wconf 86' lang='lat' dir='ltr'><strong>aliosque</strong></span> 
     </span>
     <span class='ocr_line' id='line_1_7' title="bbox 292 930 1294 1029; baseline -0.002 -26"><span class='ocrx_word' id='word_1_24' title='bbox 292 933 494 1029; x_wconf 84' lang='lat' dir='ltr'><strong>complures</strong></span> <span class='ocrx_word' id='word_1_25' title='bbox 510 934 722 1020; x_wconf 80' lang='lat' dir='ltr'>neotericos,</span> <span class='ocrx_word' id='word_1_26' title='bbox 744 931 837 1028; x_wconf 88' lang='lat' dir='ltr'><strong>ipse¹</strong></span> <span class='ocrx_word' id='word_1_27' title='bbox 854 931 889 1000; x_wconf 95' lang='lat' dir='ltr'><strong>in</strong></span> <span class='ocrx_word' id='word_1_28' title='bbox 908 930 1056 1028; x_wconf 91' lang='lat' dir='ltr'><strong>epistola</strong></span> <span class='ocrx_word' id='word_1_29' title='bbox 1071 930 1118 1001; x_wconf 94' lang='lat' dir='ltr'><strong>ad</strong></span> <span class='ocrx_word' id='word_1_30' title='bbox 1129 931 1294 1026; x_wconf 84' lang='lat' dir='ltr'><strong>ignotum</strong></span> 
     </span>
     <span class='ocr_line' id='line_1_8' title="bbox 291 1041 1295 1140; baseline -0.004 -25"><span class='ocrx_word' id='word_1_31' title='bbox 291 1045 397 1115; x_wconf 91' lang='lat' dir='ltr'><strong>nobis</strong></span> <span class='ocrx_word' id='word_1_32' title='bbox 411 1045 597 1115; x_wconf 92' lang='lat' dir='ltr'><strong>homiuem</strong></span> <span class='ocrx_word' id='word_1_33' title='bbox 614 1044 744 1140; x_wconf 88' lang='lat' dir='ltr'><strong>scripta</strong></span> <span class='ocrx_word' id='word_1_34' title='bbox 760 1055 907 1113; x_wconf 90' lang='lat' dir='ltr'><strong>testatur</strong></span> <span class='ocrx_word' id='word_1_35' title='bbox 921 1067 959 1112; x_wconf 91' lang='lat' dir='ltr'><strong>se</strong></span> <span class='ocrx_word' id='word_1_36' title='bbox 976 1041 1164 1112; x_wconf 83' lang='lat' dir='ltr'><strong>Gallicanae</strong></span> <span class='ocrx_word' id='word_1_37' title='bbox 1175 1042 1295 1113; x_wconf 76' lang='lat' dir='ltr'><strong>facum</strong></span> 
     </span>
     <span class='ocr_line' id='line_1_9' title="bbox 293 1153 1295 1253; baseline -0.004 -25"><span class='ocrx_word' id='word_1_38' title='bbox 293 1157 359 1228; x_wconf 88' lang='lat' dir='ltr'><strong>diae</strong></span> <span class='ocrx_word' id='word_1_39' title='bbox 382 1157 531 1229; x_wconf 88' lang='lat' dir='ltr'><strong>haustus</strong></span> <span class='ocrx_word' id='word_1_40' title='bbox 561 1158 754 1253; x_wconf 82' lang='lat' dir='ltr'><strong>requirere.</strong></span> <span class='ocrx_word' id='word_1_41' title='bbox 782 1183 800 1222; x_wconf 82' lang='lat' dir='ltr'><strong>u</strong></span> <span class='ocrx_word' id='word_1_42' title='bbox 818 1158 898 1226; x_wconf 91' lang='lat' dir='ltr'><strong>Non</strong></span> <span class='ocrx_word' id='word_1_43' title='bbox 925 1155 1047 1251; x_wconf 92' lang='lat' dir='ltr'><strong>quod,</strong></span> <span class='ocrx_word' id='word_1_44' title='bbox 1075 1156 1211 1250; x_wconf 91' lang='lat' dir='ltr'><strong>inquit,</strong></span> <span class='ocrx_word' id='word_1_45' title='bbox 1238 1153 1295 1224; x_wconf 91' lang='lat' dir='ltr'><strong>his</strong></span> 
     </span>
     <span class='ocr_line' id='line_1_10' title="bbox 291 1265 1295 1367; baseline -0.005 -26"><span class='ocrx_word' id='word_1_46' title='bbox 291 1284 429 1367; x_wconf 84' lang='lat' dir='ltr'><strong>septem</strong></span> <span class='ocrx_word' id='word_1_47' title='bbox 446 1268 630 1339; x_wconf 91' lang='lat' dir='ltr'><strong>montibus</strong></span> <span class='ocrx_word' id='word_1_48' title='bbox 655 1267 859 1364; x_wconf 84' lang='lat' dir='ltr'><strong>eloquentia</strong></span> <span class='ocrx_word' id='word_1_49' title='bbox 879 1267 1025 1338; x_wconf 84' lang='lat' dir='ltr'><strong>Latiaris</strong></span> <span class='ocrx_word' id='word_1_50' title='bbox 1040 1268 1211 1357; x_wconf 57' lang='lat' dir='ltr'><strong>excessit»,</strong></span> <span class='ocrx_word' id='word_1_51' title='bbox 1232 1265 1295 1338; x_wconf 90' lang='lat' dir='ltr'><strong>sed</strong></span> 
     </span>
     <span class='ocr_line' id='line_1_11' title="bbox 292 1378 1296 1480; baseline -0.002 -28"><span class='ocrx_word' id='word_1_52' title='bbox 292 1384 374 1480; x_wconf 90' lang='lat' dir='ltr'><strong>quia</strong></span> <span class='ocrx_word' id='word_1_53' title='bbox 386 1397 561 1480; x_wconf 85' lang='lat' dir='ltr'><strong>praecepta</strong></span> <span class='ocrx_word' id='word_1_54' title='bbox 573 1382 758 1452; x_wconf 83' lang='lat' dir='ltr'><strong>rhetoricae</strong></span> <span class='ocrx_word' id='word_1_55' title='bbox 767 1405 873 1451; x_wconf 83' lang='lat' dir='ltr'><strong>senex</strong></span> <span class='ocrx_word' id='word_1_56' title='bbox 886 1381 971 1450; x_wconf 94' lang='lat' dir='ltr'><strong>olim</strong></span> <span class='ocrx_word' id='word_1_57' title='bbox 984 1383 1175 1450; x_wconf 82' lang='lat' dir='ltr'><strong>Garumnae</strong></span> <span class='ocrx_word' id='word_1_58' title='bbox 1183 1378 1296 1450; x_wconf 88' lang='lat' dir='ltr'><strong>alum·</strong></span> 
     </span>
     <span class='ocr_line' id='line_1_12' title="bbox 292 1490 1297 1589; baseline -0.003 -25"><span class='ocrx_word' id='word_1_59' title='bbox 292 1520 360 1565; x_wconf 89' lang='lat' dir='ltr'><strong>nus</strong></span> <span class='ocrx_word' id='word_1_60' title='bbox 372 1496 555 1566; x_wconf 87' lang='lat' dir='ltr'><strong>immulsit.</strong></span> <span class='ocrx_word' id='word_1_61' title='bbox 573 1499 633 1565; x_wconf 83' lang='lat' dir='ltr'><strong>Est</strong></span> <span class='ocrx_word' id='word_1_62' title='bbox 646 1494 732 1565; x_wconf 86' lang='lat' dir='ltr'><strong>mihi</strong></span> <span class='ocrx_word' id='word_1_63' title='bbox 750 1518 832 1564; x_wconf 94' lang='lat' dir='ltr'><strong>cum</strong></span> <span class='ocrx_word' id='word_1_64' title='bbox 848 1492 978 1563; x_wconf 90' lang='lat' dir='ltr'><strong>scholis</strong></span> <span class='ocrx_word' id='word_1_65' title='bbox 994 1493 1118 1563; x_wconf 90' lang='lat' dir='ltr'><strong>vestris</strong></span> <span class='ocrx_word' id='word_1_66' title='bbox 1134 1517 1200 1589; x_wconf 92' lang='lat' dir='ltr'><strong>per</strong></span> <span class='ocrx_word' id='word_1_67' title='bbox 1214 1490 1297 1561; x_wconf 91' lang='lat' dir='ltr'><strong>doc·</strong></span> 
     </span>
     <span class='ocr_line' id='line_1_13' title="bbox 294 1603 1296 1704; baseline -0.002 -26"><span class='ocrx_word' id='word_1_68' title='bbox 294 1622 408 1679; x_wconf 88' lang='lat' dir='ltr'><strong>torem</strong></span> <span class='ocrx_word' id='word_1_69' title='bbox 419 1609 513 1704; x_wconf 87' lang='lat' dir='ltr'><strong>justa</strong></span> <span class='ocrx_word' id='word_1_70' title='bbox 527 1609 707 1703; x_wconf 87' lang='lat' dir='ltr'><strong>cognatio.</strong></span> <span class='ocrx_word' id='word_1_71' title='bbox 720 1605 944 1703; x_wconf 87' lang='lat' dir='ltr'><strong>Quicquidiu</strong></span> <span class='ocrx_word' id='word_1_72' title='bbox 958 1631 1016 1676; x_wconf 91' lang='lat' dir='ltr'><strong>me</strong></span> <span class='ocrx_word' id='word_1_73' title='bbox 1026 1621 1091 1694; x_wconf 88' lang='lat' dir='ltr'><strong>est,</strong></span> <span class='ocrx_word' id='word_1_74' title='bbox 1106 1603 1207 1702; x_wconf 92' lang='lat' dir='ltr'><strong>quod</strong></span> <span class='ocrx_word' id='word_1_75' title='bbox 1221 1605 1296 1676; x_wconf 90' lang='lat' dir='ltr'><strong>scio</strong></span> 
     </span>
     <span class='ocr_line' id='line_1_14' title="bbox 293 1720 1296 1820; baseline -0.004 -27"><span class='ocrx_word' id='word_1_76' title='bbox 293 1747 403 1820; x_wconf 89' lang='lat' dir='ltr'><strong>quam</strong></span> <span class='ocrx_word' id='word_1_77' title='bbox 420 1724 463 1792; x_wconf 93' lang='lat' dir='ltr'><strong>sit</strong></span> <span class='ocrx_word' id='word_1_78' title='bbox 480 1722 665 1817; x_wconf 84' lang='lat' dir='ltr'><strong>exiguum,</strong></span> <span class='ocrx_word' id='word_1_79' title='bbox 686 1720 778 1791; x_wconf 88' lang='lat' dir='ltr'><strong>coelo</strong></span> <span class='ocrx_word' id='word_1_80' title='bbox 792 1736 855 1791; x_wconf 89' lang='lat' dir='ltr'><strong>tuo</strong></span> <span class='ocrx_word' id='word_1_81' title='bbox 872 1720 1002 1791; x_wconf 89' lang='lat' dir='ltr'><strong>debeo.</strong></span> <span class='ocrx_word' id='word_1_82' title='bbox 1020 1723 1104 1816; x_wconf 85' lang='lat' dir='ltr'><strong>Riga</strong></span> <span class='ocrx_word' id='word_1_83' title='bbox 1123 1744 1191 1790; x_wconf 92' lang='lat' dir='ltr'><strong>nos</strong></span> <span class='ocrx_word' id='word_1_84' title='bbox 1210 1743 1296 1814; x_wconf 85' lang='lat' dir='ltr'><strong>ergo</strong></span> 
     </span>
    </p>
   </div>
   <div class='ocr_carea' id='block_1_4' title="bbox 180 1833 1300 2047">
    <p class='ocr_par' dir='ltr' id='par_1_4' title="bbox 180 1833 1300 2047">
     <span class='ocr_line' id='line_1_15' title="bbox 180 1833 1297 1929; baseline -0.005 -22"><span class='ocrx_word' id='word_1_85' title='bbox 180 1844 185 1855; x_wconf 89' lang='lat'>&#39;</span> <span class='ocrx_word' id='word_1_86' title='bbox 294 1833 415 1906; x_wconf 87' lang='lat' dir='ltr'><strong>denuo</strong></span> <span class='ocrx_word' id='word_1_87' title='bbox 435 1859 476 1904; x_wconf 88' lang='lat' dir='ltr'><strong>ex</strong></span> <span class='ocrx_word' id='word_1_88' title='bbox 494 1833 562 1904; x_wconf 88' lang='lat' dir='ltr'><strong>illis</strong></span> <span class='ocrx_word' id='word_1_89' title='bbox 585 1837 742 1905; x_wconf 91' lang='lat' dir='ltr'><strong>camenis</strong></span> <span class='ocrx_word' id='word_1_90' title='bbox 764 1858 842 1929; x_wconf 79' lang='lat' dir='ltr'><strong>quae</strong></span> <span class='ocrx_word' id='word_1_91' title='bbox 858 1833 947 1902; x_wconf 93' lang='lat' dir='ltr'><strong>mihi</strong></span> <span class='ocrx_word' id='word_1_92' title='bbox 964 1833 1018 1903; x_wconf 89' lang='lat' dir='ltr'><strong>lac</strong></span> <span class='ocrx_word' id='word_1_93' title='bbox 1035 1833 1216 1903; x_wconf 86' lang='lat' dir='ltr'><strong>bonarum</strong></span> <span class='ocrx_word' id='word_1_94' title='bbox 1237 1856 1297 1902; x_wconf 88' lang='lat' dir='ltr'><strong>ar-</strong></span> 
     </span>
     <span class='ocr_line' id='line_1_16' title="bbox 255 1939 1300 2047; baseline -0.004 -26"><span class='ocrx_word' id='word_1_95' title='bbox 255 1939 257 1943; x_wconf 24' lang='lat'><em>*</em></span> <span class='ocrx_word' id='word_1_96' title='bbox 295 1951 385 2023; x_wconf 91' lang='lat' dir='ltr'><strong>tium</strong></span> <span class='ocrx_word' id='word_1_97' title='bbox 396 1953 552 2047; x_wconf 91' lang='lat' dir='ltr'><strong>primum</strong></span> <span class='ocrx_word' id='word_1_98' title='bbox 567 1949 757 2020; x_wconf 89' lang='lat' dir='ltr'><strong>dederunt.</strong></span> <span class='ocrx_word' id='word_1_99' title='bbox 770 1977 787 2016; x_wconf 84' lang='lat' dir='ltr'><strong>n</strong></span> <span class='ocrx_word' id='word_1_100' title='bbox 803 1953 946 2037; x_wconf 89' lang='lat' dir='ltr'><strong>Quanta</strong></span> <span class='ocrx_word' id='word_1_101' title='bbox 960 1948 1176 2045; x_wconf 85' lang='lat' dir='ltr'><strong>Symmacho</strong></span> <span class='ocrx_word' id='word_1_102' title='bbox 1192 1947 1300 2043; x_wconf 87' lang='lat' dir='ltr'><strong>fuerit</strong></span> 
     </span>
    </p>
   </div>
   <div class='ocr_carea' id='block_1_5' title="bbox 294 2061 1307 3597">
    <p class='ocr_par' dir='ltr' id='par_1_5' title="bbox 294 2061 1307 3597">
     <span class='ocr_line' id='line_1_17' title="bbox 294 2061 1300 2159; baseline -0.004 -25"><span class='ocrx_word' id='word_1_103' title='bbox 294 2087 376 2134; x_wconf 94' lang='lat' dir='ltr'><strong>cum</strong></span> <span class='ocrx_word' id='word_1_104' title='bbox 390 2063 584 2135; x_wconf 84' lang='lat' dir='ltr'><strong>illustribus</strong></span> <span class='ocrx_word' id='word_1_105' title='bbox 601 2063 723 2134; x_wconf 80' lang='lat' dir='ltr'><strong>Galliae</strong></span> <span class='ocrx_word' id='word_1_106' title='bbox 734 2063 819 2134; x_wconf 84' lang='lat' dir='ltr'><strong>viris</strong></span> <span class='ocrx_word' id='word_1_107' title='bbox 830 2077 865 2133; x_wconf 92' lang='lat' dir='ltr'><strong>et</strong></span> <span class='ocrx_word' id='word_1_108' title='bbox 876 2061 1130 2159; x_wconf 87' lang='lat' dir='ltr'><strong>scriptoribus,</strong></span> <span class='ocrx_word' id='word_1_109' title='bbox 1150 2085 1193 2130; x_wconf 88' lang='lat' dir='ltr'><strong>ac</strong></span> <span class='ocrx_word' id='word_1_110' title='bbox 1208 2076 1300 2157; x_wconf 87' lang='lat' dir='ltr'><strong>prae-</strong></span> 
     </span>
     <span class='ocr_line' id='line_1_18' title="bbox 295 2175 1302 2274; baseline -0.004 -26"><span class='ocrx_word' id='word_1_111' title='bbox 295 2177 399 2274; x_wconf 88' lang='lat' dir='ltr'><strong>cipue</strong></span> <span class='ocrx_word' id='word_1_112' title='bbox 408 2177 854 2266; x_wconf 84' lang='lat' dir='ltr'><strong>cumAusoni0,sermonis</strong></span> <span class='ocrx_word' id='word_1_113' title='bbox 863 2175 1302 2247; x_wconf 86' lang='lat' dir='ltr'><strong>familiaritaslitterarum·</strong></span> 
     </span>
     <span class='ocr_line' id='line_1_19' title="bbox 295 2287 1301 2386; baseline -0.005 -26"><span class='ocrx_word' id='word_1_114' title='bbox 295 2288 691 2386; x_wconf 88' lang='lat' dir='ltr'><strong>quesocietasplurimae</strong></span> <span class='ocrx_word' id='word_1_115' title='bbox 700 2287 972 2385; x_wconf 86' lang='lat' dir='ltr'><strong>illius¹epistolae</strong></span> <span class='ocrx_word' id='word_1_116' title='bbox 980 2301 1166 2359; x_wconf 90' lang='lat' dir='ltr'><strong>testantur.</strong></span> <span class='ocrx_word' id='word_1_117' title='bbox 1178 2290 1301 2374; x_wconf 89' lang='lat' dir='ltr'><strong>Quum</strong></span> 
     </span>
     <span class='ocr_line' id='line_1_20' title="bbox 297 2399 1302 2498; baseline -0.004 -25"><span class='ocrx_word' id='word_1_118' title='bbox 297 2418 418 2473; x_wconf 90' lang='lat' dir='ltr'><strong>autem</strong></span> <span class='ocrx_word' id='word_1_119' title='bbox 440 2401 586 2497; x_wconf 87' lang='lat' dir='ltr'><strong>alioqui,</strong></span> <span class='ocrx_word' id='word_1_120' title='bbox 611 2416 651 2472; x_wconf 93' lang='lat' dir='ltr'><strong>ut</strong></span> <span class='ocrx_word' id='word_1_121' title='bbox 682 2425 790 2498; x_wconf 92' lang='lat' dir='ltr'><strong>supra</strong></span> <span class='ocrx_word' id='word_1_122' title='bbox 816 2402 1019 2490; x_wconf 90' lang='lat' dir='ltr'><strong>innuimus,</strong></span> <span class='ocrx_word' id='word_1_123' title='bbox 1044 2399 1302 2496; x_wconf 88' lang='lat' dir='ltr'><strong>Symmachum</strong></span> 
     </span>
     <span class='ocr_line' id='line_1_21' title="bbox 296 2512 1302 2612; baseline -0.003 -27"><span class='ocrx_word' id='word_1_124' title='bbox 296 2530 434 2612; x_wconf 91' lang='lat' dir='ltr'><strong>pateat,</strong></span> <span class='ocrx_word' id='word_1_125' title='bbox 456 2514 598 2585; x_wconf 66' lang='lat' dir='ltr'><strong>Gallica²</strong></span> <span class='ocrx_word' id='word_1_126' title='bbox 625 2514 799 2586; x_wconf 78' lang='lat' dir='ltr'><strong>facundiae</strong></span> <span class='ocrx_word' id='word_1_127' title='bbox 829 2515 955 2586; x_wconf 92' lang='lat' dir='ltr'><strong>studiis</strong></span> <span class='ocrx_word' id='word_1_128' title='bbox 980 2515 1207 2601; x_wconf 89' lang='lat' dir='ltr'><strong>innutritum,</strong></span> <span class='ocrx_word' id='word_1_129' title='bbox 1231 2512 1302 2582; x_wconf 87' lang='lat' dir='ltr'><strong>Pli-</strong></span> 
     </span>
     <span class='ocr_line' id='line_1_22' title="bbox 296 2627 1304 2724; baseline -0.002 -26"><span class='ocrx_word' id='word_1_130' title='bbox 296 2628 396 2699; x_wconf 92' lang='lat' dir='ltr'><strong>niani</strong></span> <span class='ocrx_word' id='word_1_131' title='bbox 411 2627 589 2724; x_wconf 85' lang='lat' dir='ltr'><strong>praecipue</strong></span> <span class='ocrx_word' id='word_1_132' title='bbox 610 2628 647 2696; x_wconf 93' lang='lat' dir='ltr'><strong>in</strong></span> <span class='ocrx_word' id='word_1_133' title='bbox 668 2627 860 2698; x_wconf 89' lang='lat' dir='ltr'><strong>scribendo</strong></span> <span class='ocrx_word' id='word_1_134' title='bbox 884 2627 1016 2724; x_wconf 91' lang='lat' dir='ltr'><strong>leporis</strong></span> <span class='ocrx_word' id='word_1_135' title='bbox 1043 2641 1241 2697; x_wconf 89' lang='lat' dir='ltr'><strong>amatorem</strong></span> <span class='ocrx_word' id='word_1_136' title='bbox 1267 2639 1304 2696; x_wconf 88' lang='lat' dir='ltr'><strong>et</strong></span> 
     </span>
     <span class='ocr_line' id='line_1_23' title="bbox 297 2737 1303 2837; baseline -0.001 -27"><span class='ocrx_word' id='word_1_137' title='bbox 297 2739 465 2810; x_wconf 84' lang='lat' dir='ltr'><strong>aemulum</strong></span> <span class='ocrx_word' id='word_1_138' title='bbox 483 2740 608 2830; x_wconf 86' lang='lat' dir='ltr'><strong>luisse,</strong></span> <span class='ocrx_word' id='word_1_139' title='bbox 628 2740 687 2810; x_wconf 88' lang='lat' dir='ltr'><strong>cui</strong></span> <span class='ocrx_word' id='word_1_140' title='bbox 711 2740 885 2837; x_wconf 88' lang='lat' dir='ltr'><strong>temporis</strong></span> <span class='ocrx_word' id='word_1_141' title='bbox 911 2740 966 2809; x_wconf 92' lang='lat' dir='ltr'><strong>sui</strong></span> <span class='ocrx_word' id='word_1_142' title='bbox 982 2740 1140 2809; x_wconf 83' lang='lat' dir='ltr'><strong>virtutes·</strong></span> <span class='ocrx_word' id='word_1_143' title='bbox 1153 2752 1189 2808; x_wconf 92' lang='lat' dir='ltr'><strong>et</strong></span> <span class='ocrx_word' id='word_1_144' title='bbox 1215 2737 1303 2809; x_wconf 81' lang='lat' dir='ltr'><strong>vitia</strong></span> 
     </span>
     <span class='ocr_line' id='line_1_24' title="bbox 302 2851 1304 2948; baseline 0 -28"><span class='ocrx_word' id='word_1_145' title='bbox 302 2851 464 2948; x_wconf 73' lang='lat' dir='ltr'><strong>quadarn</strong></span> <span class='ocrx_word' id='word_1_146' title='bbox 480 2852 517 2921; x_wconf 92' lang='lat' dir='ltr'><strong>in</strong></span> <span class='ocrx_word' id='word_1_147' title='bbox 535 2851 726 2923; x_wconf 88' lang='lat' dir='ltr'><strong>scribendo</strong></span> <span class='ocrx_word' id='word_1_148' title='bbox 744 2851 890 2947; x_wconf 87' lang='lat' dir='ltr'><strong>adjecit,</strong></span> <span class='ocrx_word' id='word_1_149' title='bbox 912 2875 1120 2948; x_wconf 90' lang='lat' dir='ltr'><strong>quanquam</strong></span> <span class='ocrx_word' id='word_1_150' title='bbox 1148 2864 1304 2921; x_wconf 78' lang='lat' dir='ltr'><strong>monetae</strong></span> 
     </span>
     <span class='ocr_line' id='line_1_25' title="bbox 302 2962 1305 3062; baseline -0.003 -28"><span class='ocrx_word' id='word_1_151' title='bbox 302 2966 431 3035; x_wconf 88' lang='lat' dir='ltr'><strong>veteris</strong></span> <span class='ocrx_word' id='word_1_152' title='bbox 456 2979 635 3062; x_wconf 89' lang='lat' dir='ltr'><strong>spectator</strong></span> <span class='ocrx_word' id='word_1_153' title='bbox 662 2988 783 3060; x_wconf 87' lang='lat' dir='ltr'><strong>aequus</strong></span> <span class='ocrx_word' id='word_1_154' title='bbox 812 2977 848 3033; x_wconf 88' lang='lat' dir='ltr'><strong>et</strong></span> <span class='ocrx_word' id='word_1_155' title='bbox 869 2962 999 3058; x_wconf 84' lang='lat' dir='ltr'><strong>judex,</strong></span> <span class='ocrx_word' id='word_1_156' title='bbox 1032 2963 1214 3058; x_wconf 90' lang='lat' dir='ltr'><strong>poeticum</strong></span> <span class='ocrx_word' id='word_1_157' title='bbox 1239 2962 1305 3033; x_wconf 88' lang='lat' dir='ltr'><strong>sci-</strong></span> 
     </span>
     <span class='ocr_line' id='line_1_26' title="bbox 298 3074 1306 3172; baseline -0.001 -26"><span class='ocrx_word' id='word_1_158' title='bbox 298 3076 381 3146; x_wconf 89' lang='lat' dir='ltr'><strong>licet</strong></span> <span class='ocrx_word' id='word_1_159' title='bbox 399 3074 681 3172; x_wconf 87' lang='lat' dir='ltr'><strong>descriptionum</strong></span> <span class='ocrx_word' id='word_1_160' title='bbox 711 3076 890 3164; x_wconf 89' lang='lat' dir='ltr'><strong>nitorem,</strong></span> <span class='ocrx_word' id='word_1_161' title='bbox 917 3074 1132 3145; x_wconf 88' lang='lat' dir='ltr'><strong>densitatem</strong></span> <span class='ocrx_word' id='word_1_162' title='bbox 1160 3089 1306 3145; x_wconf 87' lang='lat' dir='ltr'><strong>senten-</strong></span> 
     </span>
     <span class='ocr_line' id='line_1_27' title="bbox 299 3186 1306 3276; baseline -0.002 -18"><span class='ocrx_word' id='word_1_163' title='bbox 299 3189 443 3274; x_wconf 90' lang='lat' dir='ltr'><strong>tiarum,</strong></span> <span class='ocrx_word' id='word_1_164' title='bbox 462 3187 688 3258; x_wconf 90' lang='lat' dir='ltr'><strong>altitudinem</strong></span> <span class='ocrx_word' id='word_1_165' title='bbox 713 3212 896 3276; x_wconf 89' lang='lat' dir='ltr'><strong>sensuum,</strong></span> <span class='ocrx_word' id='word_1_166' title='bbox 924 3186 1177 3257; x_wconf 89' lang='lat' dir='ltr'><strong>translatorum</strong></span> <span class='ocrx_word' id='word_1_167' title='bbox 1196 3186 1306 3256; x_wconf 89' lang='lat' dir='ltr'><strong>licen·</strong></span> 
     </span>
     <span class='ocr_line' id='line_1_28' title="bbox 300 3299 1306 3398; baseline 0.002 -30"><span class='ocrx_word' id='word_1_168' title='bbox 300 3301 399 3387; x_wconf 86' lang='lat' dir='ltr'><strong>tiam,</strong></span> <span class='ocrx_word' id='word_1_169' title='bbox 418 3299 613 3398; x_wconf 90' lang='lat' dir='ltr'><strong>plurimum</strong></span> <span class='ocrx_word' id='word_1_170' title='bbox 638 3301 771 3397; x_wconf 84' lang='lat' dir='ltr'><strong>ingenii</strong></span> <span class='ocrx_word' id='word_1_171' title='bbox 797 3324 968 3390; x_wconf 78' lang='lat' dir='ltr'><strong>acumen3</strong></span> <span class='ocrx_word' id='word_1_172' title='bbox 995 3325 1037 3371; x_wconf 86' lang='lat' dir='ltr'><strong>ex</strong></span> <span class='ocrx_word' id='word_1_173' title='bbox 1051 3301 1130 3397; x_wconf 93' lang='lat' dir='ltr'><strong>ipso</strong></span> <span class='ocrx_word' id='word_1_174' title='bbox 1148 3303 1306 3396; x_wconf 89' lang='lat' dir='ltr'><strong>Symma-</strong></span> 
     </span>
     <span class='ocr_line' id='line_1_29' title="bbox 301 3410 1307 3511; baseline -0.006 -26"><span class='ocrx_word' id='word_1_175' title='bbox 301 3413 359 3485; x_wconf 93' lang='lat' dir='ltr'><strong>chi</strong></span> <span class='ocrx_word' id='word_1_176' title='bbox 369 3413 547 3511; x_wconf 87' lang='lat' dir='ltr'><strong>exemplo,</strong></span> <span class='ocrx_word' id='word_1_177' title='bbox 557 3413 751 3484; x_wconf 90' lang='lat' dir='ltr'><strong>Galliarum</strong></span> <span class='ocrx_word' id='word_1_178' title='bbox 761 3412 910 3503; x_wconf 89' lang='lat' dir='ltr'><strong>alumni,</strong></span> <span class='ocrx_word' id='word_1_179' title='bbox 922 3415 1188 3510; x_wconf 79' lang='lat' dir='ltr'><strong>magnopereC.</strong></span> <span class='ocrx_word' id='word_1_180' title='bbox 1202 3410 1307 3481; x_wconf 93' lang='lat' dir='ltr'><strong>Plinii</strong></span> 
     </span>
     <span class='ocr_line' id='line_1_30' title="bbox 300 3525 1307 3597; baseline -0.004 -1"><span class='ocrx_word' id='word_1_181' title='bbox 300 3525 338 3596; x_wconf 93' lang='lat' dir='ltr'><strong>in</strong></span> <span class='ocrx_word' id='word_1_182' title='bbox 357 3526 575 3597; x_wconf 90' lang='lat' dir='ltr'><strong>Gallicorum</strong></span> <span class='ocrx_word' id='word_1_183' title='bbox 591 3527 775 3597; x_wconf 90' lang='lat' dir='ltr'><strong>rhetorum</strong></span> <span class='ocrx_word' id='word_1_184' title='bbox 802 3525 933 3596; x_wconf 88' lang='lat' dir='ltr'><strong>scholis</strong></span> <span class='ocrx_word' id='word_1_185' title='bbox 960 3525 1103 3596; x_wconf 89' lang='lat' dir='ltr'><strong>laudem</strong></span> <span class='ocrx_word' id='word_1_186' title='bbox 1132 3537 1167 3595; x_wconf 89' lang='lat' dir='ltr'><strong>et</strong></span> <span class='ocrx_word' id='word_1_187' title='bbox 1187 3537 1307 3594; x_wconf 90' lang='lat' dir='ltr'><strong>aucto-</strong></span> 
     </span>
    </p>
   </div>
   <div class='ocr_carea' id='block_1_6' title="bbox 220 3634 1155 3711">
    <p class='ocr_par' dir='ltr' id='par_1_6' title="bbox 220 3634 1155 3711">
     <span class='ocr_line' id='line_1_31' title="bbox 220 3634 1155 3711; baseline -0.002 -3"><span class='ocrx_word' id='word_1_188' title='bbox 220 3634 225 3645; x_wconf 81' lang='grc'><strong>’</strong></span> <span class='ocrx_word' id='word_1_189' title='bbox 301 3641 443 3711; x_wconf 88' lang='lat' dir='ltr'><strong>ritatem</strong></span> <span class='ocrx_word' id='word_1_190' title='bbox 459 3666 495 3711; x_wconf 74' lang='grc' dir='ltr'><strong>ιν</strong></span> <span class='ocrx_word' id='word_1_191' title='bbox 512 3641 619 3710; x_wconf 85' lang='lat' dir='ltr'><strong>etiam</strong></span> <span class='ocrx_word' id='word_1_192' title='bbox 637 3639 766 3710; x_wconf 89' lang='lat' dir='ltr'><strong>saeculo</strong></span> <span class='ocrx_word' id='word_1_193' title='bbox 784 3638 989 3710; x_wconf 89' lang='lat' dir='ltr'><strong>inclaruisse</strong></span> <span class='ocrx_word' id='word_1_194' title='bbox 1003 3651 1155 3711; x_wconf 87' lang='lat' dir='ltr'><strong>constat.</strong></span> 
     </span>
    </p>
   </div>
   <div class='ocr_carea' id='block_1_7' title="bbox 352 3749 1306 3849">
    <p class='ocr_par' dir='ltr' id='par_1_7' title="bbox 352 3749 1306 3849">
     <span class='ocr_line' id='line_1_32' title="bbox 352 3749 1306 3849; baseline -0.006 -25"><span class='ocrx_word' id='word_1_195' title='bbox 352 3753 460 3840; x_wconf 90' lang='lat' dir='ltr'><strong>Quod</strong></span> <span class='ocrx_word' id='word_1_196' title='bbox 485 3777 598 3849; x_wconf 92' lang='lat' dir='ltr'><strong>quum</strong></span> <span class='ocrx_word' id='word_1_197' title='bbox 619 3753 668 3823; x_wconf 87' lang='lat' dir='ltr'><strong>ita</strong></span> <span class='ocrx_word' id='word_1_198' title='bbox 686 3753 750 3844; x_wconf 88' lang='lat' dir='ltr'><strong>sit,</strong></span> <span class='ocrx_word' id='word_1_199' title='bbox 770 3766 807 3824; x_wconf 90' lang='lat' dir='ltr'><strong>et</strong></span> <span class='ocrx_word' id='word_1_200' title='bbox 821 3777 935 3848; x_wconf 89' lang='lat' dir='ltr'><strong>quum</strong></span> <span class='ocrx_word' id='word_1_201' title='bbox 960 3752 1162 3849; x_wconf 86' lang='lat' dir='ltr'><strong>ceteroqui,</strong></span> <span class='ocrx_word' id='word_1_202' title='bbox 1182 3762 1223 3819; x_wconf 93' lang='lat' dir='ltr'><strong>ut</strong></span> <span class='ocrx_word' id='word_1_203' title='bbox 1239 3749 1306 3819; x_wconf 93' lang='lat' dir='ltr'><strong>ini·</strong></span> 
     </span>
    </p>
   </div>
   <div class='ocr_carea' id='block_1_8' title="bbox 309 3923 1307 4180">
    <p class='ocr_par' dir='ltr' id='par_1_8' title="bbox 309 3923 1307 4180">
     <span class='ocr_line' id='line_1_33' title="bbox 345 3923 1054 4000; baseline 0.003 -18"><span class='ocrx_word' id='word_1_204' title='bbox 345 3929 375 3984; x_wconf 91' lang='lat' dir='ltr'><strong>l.</strong></span> <span class='ocrx_word' id='word_1_205' title='bbox 397 3928 433 3998; x_wconf 87' lang='lat' dir='ltr'><strong>Q.</strong></span> <span class='ocrx_word' id='word_1_206' title='bbox 454 3924 555 3982; x_wconf 79' lang='lat' dir='ltr'><strong>Aurel.</strong></span> <span class='ocrx_word' id='word_1_207' title='bbox 571 3923 735 4000; x_wconf 80' lang='lat' dir='ltr'><strong>Symmach.</strong></span> <span class='ocrx_word' id='word_1_208' title='bbox 754 3924 848 3999; x_wconf 83' lang='lat' dir='ltr'><strong>Epist.</strong></span> <span class='ocrx_word' id='word_1_209' title='bbox 864 3927 919 3997; x_wconf 88' lang='lat' dir='ltr'><strong>IV,</strong></span> <span class='ocrx_word' id='word_1_210' title='bbox 936 3944 1054 3985; x_wconf 77' lang='lat' dir='ltr'><strong>nxxxvr.</strong></span> 
     </span>
     <span class='ocr_line' id='line_1_34' title="bbox 345 4010 1307 4090; baseline -0.004 -20"><span class='ocrx_word' id='word_1_211' title='bbox 345 4017 375 4073; x_wconf 72' lang='lat'><strong>2.</strong></span> <span class='ocrx_word' id='word_1_212' title='bbox 400 4012 564 4089; x_wconf 87' lang='lat' dir='ltr'><strong>symmach.</strong></span> <span class='ocrx_word' id='word_1_213' title='bbox 580 4014 672 4086; x_wconf 81' lang='lat' dir='ltr'><strong>Epist.</strong></span> <span class='ocrx_word' id='word_1_214' title='bbox 688 4016 718 4083; x_wconf 90' lang='lat'><strong>1,</strong></span> <span class='ocrx_word' id='word_1_215' title='bbox 736 4033 894 4086; x_wconf 84' lang='lat' dir='ltr'><strong>x111·xr.111,</strong></span> <span class='ocrx_word' id='word_1_216' title='bbox 909 4011 985 4071; x_wconf 88' lang='lat' dir='ltr'><strong>inter</strong></span> <span class='ocrx_word' id='word_1_217' title='bbox 998 4031 1069 4090; x_wconf 88' lang='lat' dir='ltr'><strong>quas</strong></span> <span class='ocrx_word' id='word_1_218' title='bbox 1080 4010 1201 4090; x_wconf 86' lang='lat' dir='ltr'><strong>epistola</strong></span> <span class='ocrx_word' id='word_1_219' title='bbox 1211 4027 1307 4068; x_wconf 83' lang='lat' dir='ltr'><strong>xxxm</strong></span> 
     </span>
     <span class='ocr_line' id='line_1_35' title="bbox 309 4101 707 4180; baseline 0.005 -19"><span class='ocrx_word' id='word_1_220' title='bbox 309 4102 429 4161; x_wconf 83' lang='lat' dir='ltr'><strong>Ausonii</strong></span> <span class='ocrx_word' id='word_1_221' title='bbox 443 4101 479 4160; x_wconf 90' lang='lat' dir='ltr'><strong>ad</strong></span> <span class='ocrx_word' id='word_1_222' title='bbox 494 4101 707 4180; x_wconf 86' lang='lat' dir='ltr'><strong>Symmachum.</strong></span> 
     </span>
    </p>
   </div>
   <div class='ocr_carea' id='block_1_9' title="bbox 0 0 1392 4928">
    <p class='ocr_par' dir='ltr' id='par_1_9' title="bbox 0 0 1392 4928">
     <span class='ocr_line' id='line_1_36' title="bbox 0 0 1392 4928; baseline 0 0"><span class='ocrx_word' id='word_1_223' title='bbox 0 0 1392 4928; x_wconf 95' lang='lat' dir='ltr'><strong> </strong></span> 
     </span>
    </p>
   </div>
  </div>
 </body>
</html>
