2738 4928
572 272 780 354 ,49-

175 423 362 528 ᾉήεῑοῐθίθ
376 425 456 524 ipso
466 423 722 520 transferentis,
733 451 775 499 ea
782 426 915 523 jejuno
922 451 1043 501 rerum
1054 423 1183 504 ordine

177 537 216 609 in
229 539 352 610 Artem
368 562 470 611 suam
483 537 529 610 de
548 536 728 620 rhetorica
741 540 974 640 transcripsit.

227 649 368 725 Eodem
381 652 521 745 Victor,
535 675 609 747 quo
621 651 736 722 Latini
751 651 913 749 plerique
926 654 982 726 sui
994 655 1060 726 aevi
1074 657 1184 756 scrip-

178 776 288 854 tores,
308 763 395 835 vitio
413 761 564 834 laborat.
584 762 725 837 Scilicet
745 765 950 836 Graecarum
967 754 1181 863 litterarum,

177 875 208 947 si
230 900 307 947 non
324 874 522 967 inscientia,
541 873 755 972 negligentia
777 876 904 949 saltem
925 877 963 947 in
990 877 1066 952 dies
1088 905 1183 954 cres·

178 1014 277 1082 cens,
293 990 595 1088 postQuintiliani
605 1004 784 1088 tempora,
801 989 898 1088 apud
911 990 1184 1089 cosdeprehen·

178 1101 289 1175 ditur.
308 1107 391 1191 Quo
411 1101 553 1198 longius
570 1103 723 1176 Romani
743 1128 765 1175 a
781 1104 962 1174 Ciceronis
980 1117 1016 1175 et
1039 1107 1184 1202 Augusti

177 1230 280 1287 aetate
298 1215 549 1307 discesserunt,
568 1240 641 1314 qua
656 1215 770 1287 Graeci
794 1215 970 1310 sermonis
990 1241 1074 1287 usus
1091 1218 1182 1314 adeo

180 1330 350 1426 frequens
359 1344 448 1421 erat,
462 1344 503 1425 ut
513 1355 597 1429 eum
613 1329 721 1427 uulgo
739 1332 862 1400 Romae
878 1328 1064 1427 principes
1075 1356 1184 1402 usur-

182 1453 324 1539 parent,
344 1465 388 1512 eo
405 1441 538 1513 minori
554 1440 695 1513 honore
712 1434 748 1513 et
765 1439 1026 1512 consuetudine
1043 1441 1182 1532 floruit3

182 1551 300 1624 donec
310 1555 713 1651 Romanumimperium
722 1555 760 1625 in
769 1552 858 1625 duas
865 1567 996 1651 partes,
1010 1554 1186 1627 Occiden-

180 1664 225 1735 tis
234 1689 365 1766 nempe
380 1680 414 1736 et
424 1666 598 1754 Orientis,
611 1666 800 1738 discissum
814 1680 878 1736 est.
890 1668 973 1751 Quo
992 1689 1012 1736 e
1029 1665 1185 1741 discidio

180 1779 392 1870 factumest,
413 1782 789 1854 ut'inter'Latinorum
805 1782 1086 1876 Graecorumque
1107 1798 1185 1855 turn

179 1892 352 1993 linguam,
367 1908 446 1964 tum
461 1893 605 1991 ingenia
620 1909 656 1964 et
670 1917 803 1985 mores,
818 1892 931 1988 magis
943 1892 1110 1988 a‘c'magis
1126 1894 1187 1966 in-

166 2005 288 2103 signis
306 2005 493 2077 diversitas
509 2000 706 2077 interesset.
727 2002 808 2074 Non
827 2002 918 2074 mihi
935 2003 972 2073 in
992 2004 1117 2074 animo
1134 2006 1189 2079 est

181 2131 259 2196 uta
272 2117 455 2216 proposita
468 2116 513 2209 de
525 2117 680 2214 Victoris
695 2114 789 2186 libro
805 2114 1046 2210 disputatione
1064 2115 1189 2212 degre-

182 2230 273 2321 diar,
295 2231 388 2301 utin
405 2230 612 2302 universum
630 2226 852 2326 multiplices
867 2220 1046 2323 exponam
1063 2252 1188 2301 causas

181 2366 258 2433 cur,
278 2342 316 2412 in
334 2340 493 2413 occiduis
510 2340 664 2412 Romani
678 2337 820 2436 imperii
835 2337 1029 2435 provinciis
1040 2336 1187 2428 ,miuus

181 2455 371 2551 minusque
387 2454 424 2524 in
438 2448 514 2525 dies
527 2455 736 2523 Graecorum
752 2450 967 2547 scriptorum
981 2449 1106 2520 notitia
1120 2450 1189 2524 fre·

182 2578 355 2662 quentata
373 2563 437 2652 sit;
456 2560 667 2658 quanquam
681 2558 861 2629 Historiae¹
880 2555 978 2653 apud
991 2554 1112 2629 Gallos
1127 2557 1187 2631 lit-

183 2691 343 2748 terarum
377 2687 540 2745 auctores
571 2672 685 2743 Graeci
716 2670 893 2742 sermonis
927 2670 1184 2766 cognitionem,

165 2858 168 2863 ,
182 2789 293 2884 longo
311 2787 419 2871 etiam
436 2800 565 2885 postrv
578 2783 751 2858 saeculum
767 2770 943 2881 tempore,
953 2807 1029 2854 non
1039 2783 1188 2854 inusita-

182 2917 257 2975 tam
266 2902 372 2973 fuisse
381 2899 548 2972 inGalliis
560 2925 644 2972 vere
654 2896 921 2970 affirmaverint.
933 2894 1004 2966 Sed
1013 2896 1188 2992 quoniam

163 3085 166 3089 ,
183 3013 313 3086 collate
329 3012 478 3085 adoctis
493 3010 674 3117 Benedicti
690 3008 890 3099 monachis,
909 3007 956 3079 de
972 3011 1102 3079 Graecae
1119 3008 1189 3079 lin-
1219 3075 1221 3078 Α

184 3151 261 3224 guae
272 3126 309 3217 in
319 3141 439 3197 vetere
452 3123 567 3195 Gallia
578 3113 877 3220 frequentatione,
893 3119 1099 3191 testimonia
1112 3144 1188 3192 non

183 3238 380 3339 prohibent
390 3237 584 3336 quominus
593 3236 630 3309 id
638 3236 834 3333 generatim
845 3231 1044 3330 colligatur,
1056 3233 1191 3304 scilicet
1246 3316 1248 3320 ¹

184 3352 283 3452 apud
298 3351 469 3451 profanos
496 3375 623 3423 omnes
648 3374 685 3420 rv
715 3348 833 3420 saeculi
864 3361 900 3417 et
931 3348 1039 3416 ctiam
1071 3369 1190 3415 sacros

184 3466 400 3563 scriptores,
413 3463 476 3559 qui
490 3462 614 3533 Latina
630 3461 753 3556 lingua
768 3459 826 3530 usi
842 3471 940 3550 sunt,
955 3459 1074 3528 minus
1087 3455 1190 3527 fami·

170 3579 310 3653 ‚liarem
332 3581 537 3663 Graecarum
562 3575 760 3646 litterarum
785 3570 975 3660 notionem
996 3592 1189 3666 apparere,

185 3715 296 3790 quam
308 3691 344 3762 in
353 3691 521 3762 Romanis
533 3685 780 3786 scriptoribus,
798 3685 861 3782 qui
878 3682 963 3754 inde
978 3683 1193 3754 aCiceronis

186 3829 263 3877 aevo
280 3828 393 3900 usque
409 3803 456 3875 ad
468 3800 679 3889 Quintiliani
695 3813 836 3871 aetatem
855 3821 966 3896 opera
983 3795 1192 3883 ediderunt,

189 3916 279 3990 mihi
295 3940 317 3988 a
332 3914 488 4014 generali
500 3915 567 3987 ista
582 3912 841 4010 disceptatione
854 3909 901 3984 ad
916 3909 1098 3982 Victorem
1116 3906 1198 4008 dcsf

227 4077 261 4136 l.
282 4077 367 4154 Tum.
385 4056 419 4151 1,
437 4083 515 4153 part.
529 4073 565 4144 2,
579 4072 702 4133 Pmaem.

1058 4166 1079 4229 l
