2738 4928
605 366 655 392 ··-
679 336 727 412 53
751 362 800 409 ·÷·

197 481 298 555 det¹:
320 511 337 551 r
351 483 468 556 Etiam
479 509 559 582 quae
571 471 940 586 non'possisprobare
953 487 1066 588 figura
1078 514 1199 594 asper·

197 596 315 694 ganda
330 612 425 670 sunt.
445 602 562 672 Haeret
580 600 676 672 enim
697 617 961 700 nonnunquam
979 604 1089 678 telum
1109 607 1199 681 illud

196 711 393 805 occultum,
410 725 446 784 et
461 713 534 785 hoc
564 714 642 813 ipso
668 715 769 812 quod
794 740 870 789 uon
893 733 1062 815 apparet,
1093 722 1201 793 eximi

197 844 271 894 non
289 839 421 924 potest.
441 855 459 892 >³
479 831 567 913 Quae
582 827 731 924 quidem
748 827 860 901 verba
877 829 995 927 (quae,
1016 844 1057 902 ut
1081 832 1201 907 obiter

197 934 333 1030 dicam,
352 938 445 1011 maie
466 940 695 1013 consentiunt
720 966 804 1013 cum
824 941 883 1013 illa
898 942 1039 1014 virtutis
1055 943 1201 1019 affecta·

197 1049 310 1140 tione,
325 1076 432 1149 quam
443 1067 648 1135 constanter
656 1052 785 1126 Fabius
796 1053 983 1126 rhetoricae
994 1056 1078 1127 artis
1090 1059 1202 1156 gratia

197 1162 461 1262 vindrcat)sane
470 1167 607 1238 cumiis
616 1169 826 1267 conspirant
835 1173 871 1239 et'
885 1183 1107 1266 congruunt,
1122 1194 1202 1267 quae

198 1301 317 1375 supra,
339 1304 454 1376 quum
480 1279 527 1350 de
545 1281 754 1374 'egressione
775 1280 996 1378 loqueretur,
1020 1280 1202 1379 professus

132 1414 134 1417 ·
201 1401 253 1457 est
268 1387 378 1461 libere
393 1390 518 1480 Victor
529 1392 557 1460 ἐ
572 1420 590 1457 «
607 1392 688 1463 Sive
704 1389 850 1483 habeas,
868 1392 929 1483 ait,
949 1391 1048 1489 quod
1064 1417 1200 1487 narres,

200 1514 240 1570 ut
259 1499 296 1570 id
308 1517 433 1573 tamen
456 1503 501 1573 sit
523 1503 703 1576 mendacii
724 1504 909 1576 stillicidiis
926 1505 1201 1602 aspergendum,

199 1613 272 1684 sive
297 1627 414 1685 totum
435 1615 562 1711 fingas,
578 1617 732 1687 maxima
755 1631 809 1687 est
831 1617 955 1707 virtus,
975 1630 1015 1688 ut
1038 1617 1087 1688 ita
1112 1616 1204 1691 facta

199 1723 422 1799 demonstres
438 1727 527 1824 ejus,
544 1727 680 1826 dequo
699 1753 835 1819 narreS,
855 1743 897 1799 ut
913 1752 1045 1820 sermo,
1064 1743 1107 1800 ut
1123 1729 1203 1801 vul·

199 1852 268 1930 tus,
287 1853 327 1910 ut
352 1839 475 1911 omnia
498 1854 582 1938 apta
606 1854 642 1912 et
666 1841 906 1938 competentia
931 1839 1135 1934 videantur,
1162 1855 1204 1915 ut

198 1951 261 2049 <juri
285 1952 438 2024 audiunt
460 1952 574 2024 ‘cerni
589 1952 648 2022 illa
672 1951 821 2049 fierique
843 1953 1056 2025 existiment.
1079 1981 1098 2021 a
1120 1958 1207 2027 Haec

197 2063 312 2134 fateor
332 2078 509 2161 praecepta
527 2065 628 2135 omni
651 2089 694 2136 ex
713 2079 816 2163 parte
838 2064 1110 2138 accommodata
1127 2091 1209 2141 esse

197 2177 430 2273 antiquorum
461 2188 646 2247 oratorum
672 2190 708 2247 et
734 2176 997 2249 causidicorum
1026 2177 1201 2272 artificiis3

200 2289 262 2386 qui
283 2314 394 2386 quum
417 2287 506 2360 nihil
527 2289 614 2360 certi
637 2286 824 2382 haberent,
844 2314 917 2387 quo
935 2314 1035 2362 suam
1058 2316 1203 2365 causam
1295 2309 1301 2319 '

199 2398 414 2471 confirmare
453 2412 631 2498 possent,
656 2398 809 2472 libenter
848 2399 895 2471 ad
927 2401 1123 2493 mendacii,
1162 2416 1209 2474 ut

200 2513 355 2602 aiebant,
378 2513 555 2586 stillicidia
573 2511 819 2604 recurrebant,
840 2528 874 2585 et
890 2513 1072 2585 Ciceronis
1092 2515 1209 2587 instar

200 2626 371 2696 Milonem
397 2625 638 2716 defendentia,
669 2627 762 2697 veris
790 2625 875 2697 falsa
905 2625 1201 2718 commiscebant,

202 2752 241 2808 ut
257 2737 442 2811 veritatem
457 2725 505 2810 ita
518 2738 751 2837 depravatam
772 2737 998 2834 fucatamque
1015 2761 1207 2815 causarum,

200 2850 340 2923 utilitati
352 2850 417 2947 (sic
428 2851 525 2923 enirn
538 2849 764 2947 dictitabant)
777 2865 953 2948 aptarent.
969 2850 1077 2938 Quod
1090 2841 1204 2948 quum

200 2963 249 3032 ita
271 2964 327 3051 sit,
358 2965 438 3061 quis
466 2965 650 3037 ethnicum
677 2963 784 3035 fuisse
810 2961 997 3034 hominem
1021 2962 1217 3036 rhetorem

201 3082 363 3146 nostrum
389 3072 606 3148 diffiteatur?
623 3075 732 3164 Quod
754 3075 783 3146 si
806 3073 914 3170 longe
939 3075 1007 3146 alia
1025 3101 1081 3147 res
1096 3092 1205 3170 esset,

200 3211 335 3280 nonne,
355 3202 481 3285 utpote
497 3187 709 3259 christianus
722 3187 789 3276 vir,
808 3187 908 3259 omni
928 3187 1047 3259 studio
1065 3190 1203 3285 pravis·

201 3299 310 3371 simos
332 3315 495 3371 veterum
511 3299 696 3372 rhetorum
717 3324 856 3372 errores
872 3298 1112 3370 confutasset?
1133 3304 1204 3368 Ita·

202 3436 272 3508 que
289 3437 363 3484 non
385 3414 501 3485 solum
518 3413 689 3511 exemplis
709 3413 751 3483 iis
773 3436 852 3508 quae
870 3409 982 3480 modo
1000 3408 1134 3504 subjeci
1151 3409 1206 3481 in·
1293 3401 1296 3404 ¹

202 3524 342 3616 ductus,
354 3549 532 3625 paganum
546 3527 651 3598 fuisse
657 3524 853 3610 Victorem,
863 3522 1013 3620 perinde
1025 3544 1067 3592 ac
1074 3521 1203 3613 Maius,

201 3637 433 3730 crediderim,
455 3639 649 3712 sedetiam
671 3650 783 3708 totam
809 3633 927 3733 operis
945 3632 1045 3730 quod
1065 3633 1205 3732 compi·
1229 3661 1234 3670 ·

201 3751 287 3823 lavit
299 3753 451 3824 sormam
463 3752 652 3850 inspiciens
665 3763 701 3822 et
711 3772 854 3821 mecum
866 3745 989 3817 auimo
1003 3745 1203 3836 revolvens,

203 3864 249 3936 ad
275 3865 445 3938 eumdem
465 3864 692 3961 conjecturae,
713 3887 759 3934 ne
776 3861 907 3950 dicam,
929 3859 1132 3931 certissimae
1149 3881 1206 3930 ar·

243 4018 274 4072 1·
296 4017 326 4077 st
342 4014 634 4092 J.Vict.,cap.xx1,
650 4032 681 4091 p.
698 4013 765 4071 102.
783 4008 826 4071 Cf.
843 4006 963 4082 Quintil.
978 4009 1038 4093 xl,
1054 4008 1092 4076 2,
1107 4006 1155 4102 ⁷⁵·

243 4103 763 4183 2.G.J.Vict.,cap.xvn,p.93‚
829 4129 833 4137 ·
910 4130 913 4134 ·
1014 4112 1018 4116 ·
