2738 4928
584 326 782 399 ...s-57·-

178 472 323 547 creandi
354 471 521 561 facultas,
561 473 682 547 invitis
709 473 848 573 aliquot
877 476 1068 574 ingeniosis
1099 481 1184 555 viris

178 593 223 677 Q.
254 588 395 661 Aurelio
420 586 650 685 Symmacho,
671 589 850 681 Ausonio,
869 589 1083 679 Claudiano,
1099 595 1184 666 Am·

177 703 301 775 miano
322 701 530 775 Marcellino
546 716 583 775 et
600 703 744 794 ceteris,
764 703 943 778 demedio
960 729 1187 805 paganorum

178 815 370 890 hominum
391 832 487 890 coetu
512 815 675 911 sublata,
707 817 753 890 ad
778 818 991 892 christianos
1012 841 1187 893 conversa

179 945 294 1022 erant,
311 943 347 1002 et
363 945 548 1030 renovata.
559 935 703 1029 Itaque,
716 946 758 1002 ut
774 931 811 1003 in
822 931 864 1003 iis
879 931 999 1003 solum
1013 932 1186 1005 immorer

124 1103 126 1106 .
179 1067 258 1139 qnae
272 1043 319 1115 ad
334 1043 549 1118 rhetoricam
563 1045 736 1133 attinent,
756 1060 932 1144 quantum
948 1046 1095 1118 interest
1110 1030 1185 1116 dis·

179 1155 314 1228 crimen
329 1157 422 1230 inter
437 1159 584 1254 igneum
600 1160 787 1255 Augustini
803 1159 976 1254 vigorem,
991 1157 1055 1255 qui
1067 1156 1185 1230 admi·

178 1267 331 1339 rabilem
357 1269 395 1340 in
422 1268 577 1340 modum
607 1271 821 1368 eloquentiae
851 1285 1051 1368 praecepta,
1085 1293 1185 1341 novo

182 1380 375 1478 splendore
391 1381 573 1472 decorata,
585 1382 632 1454 ad
644 1383 845 1456 christianae
856 1382 1038 1478 religionis
1055 1382 1186 1454 utilita-

182 1505 256 1564 tem
273 1495 536 1585 accommodat,
546 1497 653 1569 etiam
666 1522 783 1595 quum
798 1520 839 1568 ea
850 1518 1019 1594 spernere
1028 1494 1185 1588 videtur,

180 1618 216 1675 et
238 1605 392 1678 Victoris
413 1607 651 1681 humilitatem
671 1611 708 1680 in
740 1609 982 1707 praecipiendo
1008 1622 1044 1680 et
1064 1608 1188 1680 nescio

180 1742 290 1815 quam
302 1721 542 1816 exiguitatem,
561 1722 670 1794 etiam
682 1747 796 1823 quum
810 1722 992 1795 uberrima
1004 1721 1188 1793 Ciceronis

179 1843 216 1901 et
231 1829 330 1903 Fabii
345 1832 425 1904 loca
441 1834 591 1907 invenit.
615 1839 696 1906 Nou
713 1836 815 1932 quod
838 1858 1103 1932 nonnunquam
1127 1832 1187 1906 ille

179 1967 256 2014 non
275 1945 393 2025 ¹celeri
417 1946 580 2042 quodam
614 1947 746 2043 ingenii
766 1962 804 2019 et
825 1947 990 2018 dictionis
1021 1946 1188 2018 acumine

179 2057 361 2130 discernat
387 2072 424 2131 et
451 2075 637 2158 percurrat
663 2085 741 2158 quae
766 2060 813 2132 ad
835 2074 969 2131 rectam
994 2057 1189 2155 eloquendi

179 2172 278 2244 viam
290 2172 501 2270 perducant.
523 2173 580 2244 Sic
591 2197 635 2245 eo
651 2173 734 2245 loeo
751 2173 814 2244 ubi
831 2173 950 2244 omnia
959 2171 1096 2269 peregit
1109 2194 1189 2267 quae

180 2283 228 2356 de
240 2287 448 2367 inventione
462 2286 556 2358 tradi
564 2286 727 2357 volebat:
746 2290 894 2373 «Quum
904 2284 950 2356 ad
961 2284 1038 2355 haec
1049 2283 1186 2378 omnia,

181 2397 326 2495 inquit¹,
357 2400 543 2497 praeceptis
563 2399 671 2471 literis
691 2400 897 2487 instructus,
922 2398 1051 2470 frustra
1067 2397 1187 2489 suerit,

180 2509 249 2580 nisi
275 2524 311 2582 et
332 2511 490 2608 legendis
519 2527 555 2585 et
578 2527 755 2609 quantum
784 2512 861 2584 fieri
884 2525 1003 2610 potest
1025 2509 1189 2583 tenendis

186 2625 410 2696 orationihus
419 2625 695 2698 lectissimorum
706 2640 896 2698 auctorum
911 2640 1017 2722 atque
1030 2646 1189 2697 summo·

182 2764 287 2828 rum,
308 2740 528 2837 singularum
552 2741 751 2839 specierum
777 2740 939 2835 exempla
958 2736 1186 2829 consideres,

182 2852 423 2952 intuearisque
450 2880 535 2926 cum
564 2878 776 2951 cura,1quae
797 2852 868 2922 illic
893 2850 937 2921 sit
956 2851 992 2920 in
1011 2850 1188 2948 prooemio

184 2967 400 3039 conciliandi
419 2967 550 3064 judicis
565 2970 674 3059 ratic,
691 2991 771 3065 qnae
787 2963 957 3039 narrandi
973 2962 1051 3054 lux,
1069 2961 1188 3035 brevi·

186 3093 250 3169 tas,
269 3078 371 3168 fides,
390 3081 491 3178 quod
508 3081 711 3170 consilium,
726 3103 837 3178 quam
849 3076 989 3149 occulta
998 3074 1185 3165 calliditas,

183 3203 317 3286 quanta
333 3189 371 3260 in
387 3190 599 3280 dividendo,
615 3215 725 3288 quam
741 3188 879 3261 subtilis
892 3202 928 3259 et
945 3184 1071 3258 crebra
1087 3209 1189 3281 argu-

183 3307 370 3396 mentatio,
395 3330 468 3404 qua
484 3306 707 3402 jocunditate
736 3302 969 3403 permulceat,
994 3314 1128 3396 quanta
1150 3300 1187 3367 in

183 3417 381 3490 maledictis
394 3421 578 3522 asperitas,
597 3420 634 3490 in
649 3418 739 3514 jocis
752 3407 952 3503 urbanitas,
970 3435 1048 3507 qnae
1061 3408 1189 3506 ampli·

184 3529 336 3624 licandi,
365 3558 444 3630 quae
470 3531 657 3604 minuendi
682 3530 813 3619 virtus,
845 3538 1027 3624 postremo
1050 3545 1129 3619 quae
1150 3521 1187 3592 in

184 3647 354 3718 omnibus
366 3647 525 3745 partibus
537 3644 698 3718 inventio
712 3640 894 3732 exstiterit,
906 3636 1090 3725 intendas3
1110 3636 1190 3708 irni-

186 3759 359 3831 tationem
384 3785 467 3832 cum
490 3774 565 3833 arte
591 3758 815 3855 conjungas:
842 3754 927 3853 quia
943 3751 1122 3824 efficacior
1137 3761 1192 3824 est

184 3882 252 3970 per
267 3872 429 3973 exempla
445 3873 627 3966 doctrina,
642 3869 853 3968 'meliusque
870 3868 1003 3967 poteris
1017 3863 1190 3964 perlicere

228 4127 259 4182 l.
282 4125 315 4184 C.
330 4125 359 4184 J.
374 4121 462 4198 vtes,
477 4136 542 4201 cap.
557 4122 637 4196 xr'n,
650 4138 681 4199 p.
697 4121 747 4180 96.
