2738 4928
180 461 343 564 praesule,
362 474 402 532 ut
418 461 479 549 ait,
498 457 536 530 id
560 472 614 530 est
627 457 793 556 praelecto
818 455 977 531 cohortis
991 459 1178 559 praetoriae,

180 574 243 649 teu
267 599 387 648 coram
413 573 676 672 provinciarum
700 570 898 667 judicibus,
924 598 987 644 seu
1008 568 1180 679 nonnun-

179 692 288 788 quam
307 687 427 779 etiam,
448 701 488 757 ut
502 699 622 757 narrat
638 684 846 756 Ammianus
860 684 1103 778 Marcellinus,
1120 711 1180 759 co-

178 806 259 873 ram
273 801 360 900 ipsis
380 798 613 898 principibus,
630 798 845 894 agerentur?
862 800 894 868 ls
917 798 1014 869 enim
1035 788 1181 887 haecsde

180 915 297 987 Attico
312 914 441 983 Tirone
457 910 662 1010 Delphidio,
681 935 756 981 uno
779 935 799 982 e
823 910 1026 983 rhetoribus
1048 910 1095 983 ab
1114 916 1182 984 Au-

178 1012 285 1101 sonio
302 1025 512 1126 praedicatis,
531 1027 670 1097 narrat¹
688 1051 696 1093 :
716 1054 733 1091 u
754 1025 963 1096 Numerium
978 1014 1182 1125 Narbonen-

179 1143 227 1214 sis
242 1138 351 1241 paulo
367 1155 450 1211 ante
467 1153 643 1210 rectorem
667 1154 871 1210 accusatum
888 1153 928 1210 ut
945 1138 1072 1229 iurem,
1093 1140 1182 1212 inu-

179 1254 285 1326 sitato
302 1253 465 1325 censorio
485 1252 613 1347 rigore,
624 1250 1008 1350 protribunali,palam
1019 1250 1181 1325 admissis

177 1365 394 1457 volentibus,
409 1364 569 1436 Julianus
584 1369 699 1436 Caesar
715 1362 894 1435 audiebat.
913 1364 982 1451 Qui
997 1389 1108 1460 quum
1126 1356 1181 1435 in'-

177 1480 245 1551 sita
263 1480 401 1551 ratione
415 1477 622 1551 defenderet
639 1476 793 1571 objecta,
812 1501 880 1548 nec
897 1492 1017 1576 posset
1033 1476 1069 1546 in
1091 1501 1180 1574 quo-

178 1615 289 1688 quam
321 1590 515 1680 confutari,
545 1590 776 1688 Delphidius,
807 1603 929 1660 orator
965 1589 1177 1677 acerrimus,

177 1703 411 1775 vehementer
421 1700 1051 1800 eumimpugnans,documentorum
1060 1701 1180 1799 inopia

179 1803 335 1913 percitus
360 1814 571 1887 exclamavit
590 1842 599 1883 ε
618 1815 760 1912 Ecquis,
780 1815 1028 1886 florentissime
1052 1803 1176 1906 Caesar,

180 1952 315 2000 nocens
332 1953 409 2000 esse
423 1928 555 2027 poterit
571 1952 744 2025 unquam,
763 1928 793 2000 si
814 1952 943 2027 negare
968 1916 1177 2000 sulleceritl

179 2040 282 2113 Circa
298 2067 377 2139 quae
394 2041 554 2113 Julianus
569 2041 765 2140 prudenter
779 2056 911 2134 motus,
931 2068 973 2114 ex
992 2030 1177 2141 tempore:

179 2156 323 2251 Ecquis,
333 2155 395 2246 ait,
406 2155 580 2225 innocens
593 2180 670 2226 esse
687 2154 831 2254 poterit,
844 2156 872 2226 si
891 2179 1075 2226 accusasse
1084 2152 1181 2226 sulli-

179 2267 304 2338 cieti‘n
316 2270 367 2338 lta
379 2282 417 2337 ut
427 2267 651 2365 amplissimae
661 2283 972 2367 quaesuperessent
981 2267 1181 2339 oratoribus

179 2404 306 2483 causae,
325 2379 372 2450 ad
389 2378 586 2477 peculatus,
604 2381 651 2450 ad
670 2381 770 2452 malae
787 2397 890 2478 gestae
907 2372 1118 2482 provinciae,
1137 2381 1183 2452 ad

179 2492 389 2564 offensionis
427 2516 508 2587 erga
543 2493 714 2592 principis
754 2494 975 2591 majestatem
1006 2494 1179 2583 crimina,

179 2590 308 2678 saeculo
334 2631 388 2697 1v,
419 2605 568 2703 perinde
591 2631 633 2678 ac
655 2605 757 2677 Plinii
785 2608 939 2678 Junioris
966 2622 999 2677 et
1026 2606 1180 2678 Cornelii

178 2719 288 2790 Taciti
306 2732 419 2811 aetate,
437 2717 665 2808 referrentur,
685 2734 848 2818 utsupra
865 2720 1054 2809 diximus²5
1070 2745 1115 2792 eo
1129 2736 1181 2792 ta·

179 2857 264 2904 men
283 2831 470 2926 diligenter
495 2832 704 2903 aestimando
731 2832 948 2922 discrimine,
968 2832 1066 2929 quod
1084 2835 1183 2933 prin-

178 2946 300 3044 cipum
332 2959 415 3043 post
443 2948 638 3040 Augustum
665 2971 776 3042 usque
801 2946 847 3015 ad
867 2945 1057 3042 Trajanum
1078 2973 1178 3037 aevo,

176 3055 333 3152 plurima
349 3054 468 3126 adhuc
479 3059 606 3127 veteris
622 3057 847 3155 eloquentiae,
864 3058 946 3130 licet
960 3060 997 3129 in
1015 3059 1091 3133 dies
1105 3086 1181 3132 cor·

178 3184 304 3268 ruptae,
323 3170 471 3265 vestigia
486 3185 620 3242 servata
637 3188 750 3263 erant,
771 3172 952 3244 verisimili
971 3188 1090 3244 autem
1107 3176 1179 3247 Caii

176 3281 260 3354 tutti
271 3283 464 3354 Victoriset
477 3284 620 3354 Ausonii
629 3300 663 3356 et
672 3286 877 3382 Symmachi
885 3302 999 3375 aetate,
1008 3286 1177 3359 facundia

176 3395 325 3468 virtutes
342 3396 454 3492 magis
471 3398 671 3495 magisque,
688 3398 836 3469 diversis
852 3398 897 3469 de
913 3399 1040 3483 causis,
1061 3400 1179 3470 immi-

176 3522 272 3580 nutae
289 3523 402 3601 erant,
423 3509 508 3581 vitia
523 3534 610 3581 vero
628 3537 851 3611 supergressa
870 3510 1020 3583 fuerant.
1042 3518 1084 3583 At
1101 3512 1179 3585 reli-

176 3646 248 3719 qua
283 3647 362 3719 quae
389 3637 473 3693 tunc
504 3639 605 3696 erant
630 3626 762 3696 forensi
786 3651 828 3698 ac
851 3652 942 3697 verte
966 3625 1180 3724 eloquentiae

177 3750 316 3806 servata
330 3734 501 3829 themata,
522 3737 578 3808 vel
601 3737 646 3808 ad
664 3739 818 3837 privatas
834 3738 911 3810 illas
932 3762 1056 3811 causas
1073 3739 1178 3810 redu·

217 4029 248 4087 l.
276 4031 371 4086 Amm.
389 4024 533 4099 Marcell,
548 4029 654 4086 XVIII.

217 4119 247 4177 Ξ.
270 4115 343 4175 Vide
356 4136 387 4195 p.
402 4119 452 4174 25.
