2738 4928
480 303 678 389 ..aaa

74 465 186 560 magis
203 465 399 538 necessaria
418 466 586 539 Romanis
608 465 685 538 visa
706 464 762 537 sit.
785 468 948 562 Namque
964 454 1078 562 qua‘n·

76 592 151 649 tum
171 578 393 651 contentioni
412 579 450 674 in
468 578 691 676 eloquendo,
710 577 747 649 in
765 576 1020 669 concionibus,
1040 577 1078 649 in

74 706 216 784 senatu,
245 695 284 765 in
306 693 451 790 judiciis
476 693 676 793 praestantia
700 705 735 763 et
755 691 865 763 decus
891 692 1081 765 imminuta

76 820 194 898 erant,
209 832 250 878 ac
261 833 363 905 paenc
376 808 483 881 etiam
499 806 654 903 denique
667 803 822 898 sublata,
834 805 1082 877 tantominani

75 917 270 990 verborum
286 919 368 990 suco
386 933 422 990 et
436 918 558 989 sonitu
573 915 753 1012 defatigati
774 915 1081 988 animi'excelsum

77 1029 221 1101 dicendi
242 1055 358 1126 genus
382 1031 515 1103 sensim
540 1029 833 1128 repudiaverunt,
862 1026 963 1125 quod
983 1027 1096 1123 jam„

75 1167 149 1213 non
175 1142 378 1240 subjacente
410 1143 528 1216 litium
560 1143 728 1240 gravitate
759 1156 796 1215 et
824 1142 1082 1215 sententiarum

75 1254 255 1352 pondere,
271 1255 362 1326 nihil
372 1257 440 1326 nisi
458 1255 779 1329 declamationibus
791 1254 975 1327 materiam
990 1278 1083 1352 prae-

44 1364 200 1437 *bebat
230 1371 363 1439 Contra
383 1382 521 1460 autem,
549 1367 638 1440 dum
662 1369 813 1439 nimium
845 1366 1018 1464 quiddam
1044 1367 1082 1440 in

82 1481 245 1551 oratione
257 1480 604 1576 grandi,verborum
618 1481 795 1577 jactantiae
806 1480 1084 1553 etallectationis

78 1592 183 1663 taedio
211 1593 372 1690 impulsi,
403 1594 602 1692 fugiebant,
631 1595 668 1666 in
698 1594 849 1693 nimium
882 1592 1084 1689 gracilitatis

78 1705 290 1803 quotidiano
306 1707 464 1778 sermoni
480 1707 604 1778 similis
618 1705 776 1778 studium
792 1705 949 1804 abrepti,
968 1704 1085 1803 splen·

77 1818 205 1889 dorem
220 1843 366 1890 omnem
378 1819 558 1891 immerito
570 1819 615 1890 de
627 1820 746 1891 media
761 1818 966 1915 eloquentia
981 1817 1083 1890 tolle·

76 1930 177 2003 bant.
310 1930 312 1935 ’

501 2137 661 2150 m

138 2336 161 2420 3
174 2341 203 2399 2.
216 2339 286 2410 Quae
294 2337 327 2395 C.
338 2334 432 2395 Julius
441 2334 540 2394 Victor
549 2332 585 2394 de
594 2332 833 2394 sermocinatione
842 2332 1022 2414 praeceperit.

128 2540 198 2612 Sed
216 2555 410 2635 utcumque
433 2562 472 2609 se
493 2535 570 2608 haeo
592 2535 770 2624 habeant,
791 2536 866 2632 jam
892 2534 938 2606 ad
965 2535 1085 2633 ipsum

79 2654 233 2724 Victoris
243 2651 288 2724 de
300 2650 597 2724 sermocinatione
613 2664 720 2747 caput
732 2649 851 2746 primo
863 2649 900 2719 in
918 2648 1086 2720 ordinem

79 2781 115 2837 et
130 2766 177 2838 ad
191 2766 345 2839 litteram
360 2762 657 2855 describendum,
670 2761 801 2832 deinde
814 2776 933 2833 autem
951 2759 1086 2856 dijudi-

79 2881 238 2952 candum
266 2895 302 2952 ct
329 2905 411 2951 curn
431 2878 519 2949 locis
546 2877 589 2949 iis
608 2873 746 2973 'quibus
770 2874 899 2946 similia
921 2873 1086 2972 quaedam

80 2995 262 3065 contineat
277 2991 556 3082 conserendum,
576 2990 775 3062 veniamus.

133 3135 149 3173 u
169 3104 460 3197 Sermocinandi,
488 3104 537 3175 ait
552 3109 574 3197 ¹,
605 3104 717 3194 ratio,
745 3127 819 3172 non
844 3102 879 3172 in
896 3100 1092 3199 postremis

80 3216 247 3290 habenda
264 3233 328 3290 est.
348 3223 392 3290 Et
408 3216 556 3314 quidem
578 3216 752 3290 sermonis
772 3239 859 3286 usus
879 3213 993 3285 multo
1016 3214 1093 3284 lre-⁴

81 3333 248 3430 quentior
271 3357 380 3429 quam
409 3331 581 3402 orationis
605 3345 669 3423 cst.
694 3330 804 3423 Igitur
832 3325 1006 3397 sermonis
1035 3339 1095 3398 cst

81 3446 193 3516 virtus
209 3444 382 3538 elegantia
395 3443 471 3513 sine
485 3440 735 3511 ostentatione.
748 3437 867 3508 Verba
876 3439 946 3507 sint
957 3437 1090 3527 electa,

82 3557 233 3643 honesta
261 3556 371 3652 magis
390 3577 499 3651 quam
526 3551 710 3639 sonantia,
737 3573 858 3649 paucae
881 3547 1089 3620 translatio-

83 3696 159 3764 nes,
179 3697 296 3768 neque
314 3669 369 3741 hae
386 3668 455 3739 alte
472 3665 602 3764 petitae,
622 3663 764 3734 modica
781 3661 992 3759 antiquitas,
1013 3661 1090 3735 sine

84 3781 206 3878 liguris
236 3779 457 3876 insignibus,
498 3776 575 3847 siue
609 3789 784 3847 structura
819 3775 978 3866 leniore,
1014 3773 1090 3845 sine

84 3895 256 3993 period0,
285 3895 361 3965 sine
382 3889 663 3986 enthymemate,
683 3888 838 3987 denique
860 3887 977 3958 omnis
1000 3887 1091 3958 rhe-

105 4091 107 4095 ’
126 4084 156 4141 l.
179 4081 211 4139 C.
226 4082 252 4140 J.
270 4077 356 4152 Vict,
374 4095 440 4155 cap.
455 4095 543 4150 xxv1,
558 4093 589 4154 p.
605 4077 748 4136 tat-123.
