2738 4928
573 363 621 390 υ
644 321 712 408 ‘tat
744 352 792 390 -·

184 458 340 555 atheum
355 481 521 553 monem
539 481 771 582 Delphinum
786 484 836 556 sie
854 462 1081 596 alloquitur
1163 474 1168 602 ss

181 624 185 638 ⁹
198 610 214 637 Ἰ
271 635 441 721 Facunde,
460 635 570 719 docte,
586 635 694 728 lingua
711 656 743 704 et
758 641 887 731 ingenio
903 640 998 725 celer,

178 745 203 824 J
316 729 400 806 Joeis
415 763 555 828 amoene,
572 740 735 833 Delphidi.
931 732 934 739 ¹

203 1034 207 1039 Α
272 947 440 1013 Celebrata
454 950 541 1014 varie
562 953 651 1036 cujus
665 951 847 1042 eloquentia

217 1068 222 1103 t
241 1068 254 1103 ‘2'
297 1046 713 1143 'Domiforisqueclaruit3

183 1193 186 1197 ·
214 1206 216 1210 1
236 1160 239 1164 “
272 1155 336 1221 Seu
353 1173 391 1220 tu
408 1158 547 1222 cohortis
562 1160 731 1248 praesulem
745 1161 902 1251 praetoriae

319 1262 557 1328 Provinciarum
575 1280 631 1328 aut
646 1264 767 1350 judices

274 1367 417 1463 Celeres,
437 1367 564 1433 tuendis
580 1367 725 1453 addictus
732 1369 931 1455 clientibus,

318 1472 373 1538 F
346 1496 425 1537 amae
446 1488 479 1537 et
496 1455 603 1579 salutis
619 1474 741 1540 sauciis.

234 1615 446 1713 Complures
462 1642 505 1688 ex
517 1616 560 1688 iis
571 1643 634 1714 qur
624 1617 747 1716 apud
758 1617 956 1688 Ausonium
974 1631 1185 1713 sequuntur,

189 1727 436 1823 grammaticos
462 1729 672 1828 plerosque,
699 1744 825 1828 utpote
850 1729 938 1801 nihil
962 1729 1190 1828 peculiariter

189 1839 435 1921 annotandum
461 1841 677 1939 praebentes,
709 1857 928 1940 pertranseo.
949 1843 1190 1940 Nepotianum

185 1976 273 2023 vero
290 1955 570 2048 grammaticum·
581 1957 872 2053 atque-eumdem
890 1956 1073 2028 rhetorem
1090 1955 1191 2029 hisce

168 2063 171 2068 ’
189 2067 369 2139 versieulis
380 2068 517 2140 extollit
532 2071 730 2142 Ausonius’
745 2098 753 2141 :

273 2219 300 2283 F
300 2220 442 2302 acunde‚
460 2213 545 2285 nulli
555 2222 719 2296 rhetorum
735 2220 851 2287 cedens
866 2221 964 2310 stylo,

273 2324 315 2388 Et
337 2325 514 2415 disputator
534 2315 577 2389 ad
595 2326 770 2390 Cleanthen
788 2327 918 2391 Stoicen
927 2319 941 2407 ,'

273 2421 426 2493 Scaurum
442 2430 647 2519 Probumque
663 2431 760 2496 corde
777 2430 895 2524 callens
909 2431 1040 2512 intimo;

217 2533 316 2596 Et
329 2528 459 2624 Epirote
475 2537 573 2600 Cinea
591 2560 716 2601 memor
732 2538 844 2628 magis.
918 2608 922 2615 ,

236 2675 344 2773 Quod
365 2676 412 2747 ad
421 2656 668 2779 ‘Exuperium,
699 2677 1039 2775 Burdigalensem
1008 2699 1123 2749 civem
1148 2697 1191 2746 ac

176 2768 331 2859 '‘fdldsae'
337 2786 517 2862 rhetorem
536 2792 679 2883 attinet,
698 2792 754 2863 ita
762 2791 860 2895 huuc
876 2804 986 2887 poeta
998 2801 1120 2860 noster
1133 2810 1191 2900 sa·

186 2898 321 2972 lutat⁸z

231 3053 369 3143 Exuperi
386 3053 594 3122 memorande
609 3057 704 3138 mihi,
728 3055 864 3121 facunde
882 3055 949 3119 sine
965 3069 1049 3135 arte,

232 3157 357 3222 Incessu
374 3161 493 3248 gravis,
514 3179 547 3227 et
565 3161 669 3227 verbis
684 3160 922 3250 ingentibus..<..
1001 3181 1003 3184 ’

215 3318 220 3322 ,.
232 3262 332 3352 Copia
348 3265 400 3328 eui
417 3264 507 3329 fandi
522 3266 619 3356 longe
633 3264 860 3355 pulcherrima.
881 3266 986 3346 Quam
997 3264 1024 3327 si

233 3366 354 3431 Auditu
369 3384 462 3434 tenus
477 3372 652 3459 acciperes,
670 3367 787 3434 deflata
801 3360 960 3458 placeret:

232 3471 411 3537 Discussam
426 3476 520 3540 scires
534 3473 628 3565 solidi
643 3472 723 3537 nihil
740 3473 835 3538 edere
853 3495 972 3537 sensus.
1073 3532 1075 3538 .

236 3611 319 3680 Haec
329 3608 485 3708 demque
494 3636 536 3682 ex
547 3610 693 3682 Ausonii
710 3609 940 3682 carminibus
932 3631 1038 3705 ,quae
1047 3605 1092 3677 ad
1107 3628 1191 3702 pro·

187 3719 337 3795 sessores
353 3740 567 3824 spectarent,
588 3723 842 3864 excerpenda
824 3724 930 3844 duxi,
950 3745 1033 3793 eum
1050 3731 1192 3793 secutus

228 3927 257 3982 1.
281 3927 392 3983 Auson.
406 3925 577 3999 Professor„
588 3927 629 4000 V,
644 3926 810 3982 laerte
814 3925 899 3986 18

229 4017 260 4075 2
283 4014 445 4090 Id.,1'br'd,
459 4020 545 4088 XVI,
560 4018 665 4076 1013
921 4029 925 4038 ·

231 4106 262 4167 3.
284 4102 345 4181 Id.,
360 4104 573 4182 ibid.',xv111,
590 4107 639 4164 1-1
653 4115 682 4162 et
700 4106 776 4165 1-11.
