2738 4928
448 646 630 737 cartu
682 646 924 739 PRIMUM.

244 990 269 1072 S
281 996 311 1051 1.
327 995 371 1054 Dc
384 990 418 1051 iis
429 1009 493 1070 quae
505 989 542 1050 ab
554 994 735 1070 Hermagora
745 991 865 1094 ‘seniore
878 996 910 1054 C.
926 992 1023 1056 Julius
1035 995 1134 1057 Victor

610 1093 775 1161 assumpsu.

234 1348 314 1415 lam
337 1358 457 1416 autem
480 1343 735 1440 quadrifariam
758 1343 914 1417 divisum
935 1373 1027 1447 opus
1052 1352 1188 1441 exorsi,

183 1455 230 1530 ad
248 1482 329 1529 eam
352 1458 511 1554 primum
529 1457 714 1528 veniamus
732 1458 930 1550 rationem,
952 1485 1023 1557 qua
1040 1468 1191 1536 Herma-

183 1599 278 1672 gorae
302 1588 478 1673 praecepta
505 1574 627 1646 Victor
647 1574 685 1645 iu
709 1573 856 1671 eclogen
877 1600 980 1647 suam
999 1579 1188 1652 transtulit.

182 1686 499 1773 Quemadmodum
516 1689 754 1781 Hermagoras
781 1710 803 1757 a
821 1687 1044 1774 Quintiliano
1074 1716 1193 1789 repre·

181 1797 316 1870 hensus
336 1799 436 1896 quod
455 1799 671 1871 rhetoricam
695 1797 897 1870 definiverit
914 1801 1192 1898 persuasibiliter

181 1909 326 1981 dicendi
353 1913 502 2003 artem¹,
530 1924 708 1983 ettamen
734 1933 755 1980 a
779 1910 956 2010 plerisque
983 1915 1188 2007 rhetorum,

183 2022 246 2116 qui
261 2021 359 2119 apud
372 2023 514 2092 Latinos
530 2020 662 2091 deinde
677 2022 849 2115 usquead
861 2025 1039 2096 incertum
1054 2026 1188 2098 Rheto-

184 2135 275 2205 rices
290 2132 462 2205 mendose
480 2134 566 2204 divo
587 2134 783 2229 Augustino
808 2137 968 2234 ascriptae
989 2153 1188 2231 auctorem,

182 2246 359 2343 usquead
376 2245 817 2344 Hispalensemlsidorum
837 2250 949 2320 secuti
970 2266 1071 2340 sunt,
1091 2253 1126 2322 in
1149 2277 1191 2324 ea

180 2355 274 2428 bene
290 2355 434 2428 dicendi
448 2357 604 2428 scientiae
623 2355 833 2428 delinitione
850 2359 1126 2457 comprobatus3
1142 2363 1191 2434 ita

179 2471 300 2542 statim
317 2493 338 2541 a
355 2469 563 2567 compendii
579 2469 758 2566 principio
778 2473 819 2541 C.
838 2470 951 2542 Julius
969 2473 1092 2555 Victor
1109 2498 1190 2547 ora·

181 2584 268 2655 toris
286 2583 445 2654 officium
461 2607 536 2654 esse
550 2581 672 2652 scribit
685 2582 722 2651 in
735 2607 778 2653 ea
791 2585 999 2678 quaestione,
1017 2611 1096 2681 quae
1111 2611 1190 2658 ver·

179 2713 279 2768 satur
295 2697 331 2767 in
349 2695 500 2790 negotiis
522 2693 702 2785 civilibus,
726 2719 832 2790 posse
854 2695 1033 2792 probabili
1056 2712 1092 2767 et
1108 2713 1190 2795 apta

179 2809 227 2880 ad
239 2805 531 2906 persuadendum
547 2805 710 2876 oratione
724 2806 807 2875 uti¹.
829 2806 966 2877 Eodem
986 2807 1057 2879 sere
1067 2834 1187 2901 sensu,

179 2922 367 3021 paululum
384 2944 471 2993 vero
504 2919 700 2990 immutatis
713 2917 858 3006 uerbis,
877 2920 1030 2991 oratoris
1048 2924 1189 2994 muneri
1271 3005 1273 3008 Α

179 3047 259 3106 tum
274 3034 350 3127 alii,
369 3048 445 3121 tum
466 3032 645 3130 praecipue
662 3043 697 3102 et
716 3031 1057 3127 Pseudaugustinus⁸
1072 3048 1107 3105 et
1124 3034 1188 3105 lsi·

178 3146 311 3218 dorus*
333 3147 523 3245 proprium
545 3143 656 3214 finem
678 3143 965 3239 assignaverunt,
985 3171 1030 3217 eo
1050 3145 1190 3218 nihilo-

178 3262 300 3333 minus
321 3260 542 3348 discrimine,
564 3272 604 3329 ut
622 3255 797 3349 lsidorus,
826 3257 930 3328 sicuti
953 3257 1189 3329 christianum

177 3371 365 3444 hominem
382 3372 546 3463 decebat,
562 3370 610 3443 ad
618 3369 722 3468 justa
739 3387 777 3440 et
790 3368 880 3440 bona
896 3369 1190 3466 persuadendum

176 3482 370 3555 addiderit.
387 3487 467 3554 Non
484 3483 573 3554 milri
590 3482 775 3579 disputare
791 3481 962 3551 inanimo
978 3493 1032 3550 est
1045 3480 1091 3552 de
1109 3480 1189 3552 fini·

178 3680 198 3759 'J
220 3683 250 3739 1.
273 3679 407 3754 Quintil,
422 3681 466 3753 11,
482 3682 532 3738 15.

218 3774 249 3829 2.
272 3772 305 3830 C.
319 3773 346 3826 J.
362 3769 436 3827 vict.
448 3812 456 3841 ,
469 3789 500 3847 p.
516 3771 545 3826 3.

219 3865 250 3919 3.
273 3860 373 3920 Aurel.
388 3858 541 3938 Augustin.
557 3855 686 3936 Princtp.
700 3856 818 3932 rhetor„
832 3874 898 3938 cap.
914 3875 949 3915 ιι.

217 3955 251 4009 4.
276 3953 432 4031 Ortg.,115,
449 3966 515 4030 cap.
531 3950 561 4032 2.
648 3983 650 3987 ·
976 3965 978 3969 ·
