2738 4928
485 334 707 409 -tta-

92 483 175 559 tatis
191 492 312 555 tantus
334 496 387 555 est
407 507 529 576 amor,
548 485 627 583 pari
648 487 768 560 studio
788 489 825 561 in
850 491 959 566 verba
980 495 1098 592 prisca

91 598 298 689 redeamus,
319 596 451 696 quibus
472 598 548 670 salii
572 617 725 693 canunt,
752 618 787 675 et
811 629 964 703 augures
993 634 1097 683 avem

89 711 306 802 consulunt,
318 726 354 783 et
370 711 562 784 decemviri
574 711 713 787 tabulas
729 717 982 793 condiderunt.
1001 728 1096 795 Jam-

90 824 233 901 (ludut'n
244 824 301 897 lais
312 827 557 898 renuntiatum
568 841 640 918 est,
652 842 687 901 et
700 831 875 905 successio
890 848 1097 935 temporum

88 938 220 1043 placita
236 941 358 1038 priora
371 941 532 1011 mutavit.
546 945 599 1012 An
611 942 640 1012 si
658 942 763 1015 nobis
780 945 969 1020 scribenda
982 952 1027 1021 sit
1044 951 1096 1022 lo·

90 1054 206 1127 rensis
214 1054 352 1144 oratio,
373 1057 498 1125 Jovem
515 1058 684 1154 Deosque
704 1072 843 1130 ceteros
859 1063 1002 1134 Catonis
1018 1063 1095 1162 lege

87 1166 387 1266 praelabimurl...
416 1167 522 1265 Atqui
547 1182 691 1267 praestat
715 1170 869 1244 Tullium
891 1176 1014 1272 sequi,
1034 1179 1096 1274 qui

87 1280 252 1377 ignorata
273 1279 470 1375 majoribus
495 1296 645 1378 usurpat
663 1283 822 1356 exordia.
846 1313 864 1352 n
884 1286 976 1358 Alias
993 1288 1096 1361 deni-

87 1414 161 1493 que
176 1418 240 1466 seu
257 1392 395 1492 lepidas
413 1418 458 1465 ae
470 1398 685 1485 venustas-¹,
704 1420 766 1467 seu
787 1396 953 1492 thymum
971 1400 1093 1472 lacun-

88 1507 157 1581 (ἰὴ
167 1507 344 1606 spirantes
355 1506 505 1579 litteras’
515 1506 627 1578 solitis
644 1506 711 1578 sibi
727 1507 892 1583 laudibus
904 1513 1091 1611 praedicam

87 1621 175 1693 alias
199 1621 267 1694 sibi
290 1620 380 1692 nihil
403 1620 601 1717 argumenti
621 1635 811 1719 suppetere
836 1626 1096 1722 conqueritur⁸

88 1734 138 1808 'ad
149 1734 380 1835 propaganda
396 1759 475 1831 quae
492 1731 632 1823 scribit3
652 1733 738 1805 alias
753 1737 763 1772 ⁶
779 1737 819 1806 C.
839 1739 870 1807 J.
895 1738 1046 1811 Victoris
1060 1754 1094 1811 et

88 1848 501 1921 aliorum¹communem
512 1872 657 1919 sensum
667 1847 713 1919 de
725 1850 1035 1923 sermocinationis
1043 1867 1095 1924 at·

87 1986 160 2061 que
184 1960 417 2061 epistolarum
434 1959 668 2031 similitudine
693 1959 838 2058 plurimi
862 1962 1013 2055 iaciens,
1035 1991 1094 2036 ex—

84 2072 238 2162 clamat,
257 2073 333 2171 ipsa
346 2075 395 2142 M.
416 2070 519 2142 Tullii
541 2085 679 2158 mente,
698 2072 777 2168 ipso
789 2071 927 2166 judicio
943 2075 1094 2149 instinc-

31 2232 36 2247 ·
85 2188 169 2259 tm·
201 2213 210 2256 ι
239 2216 257 2251 ι(
275 2184 393 2256 Taedet
415 2184 582 2284 pigetque
603 2184 679 2279 jam
704 2183 870 2256 scribere.
895 2190 1093 2286 Quousque

85 2300 185 2371 enim
202 2298 282 2396 styli
298 2298 453 2394 imagine
463 2296 729 2393 jucunditatem
736 2297 808 2368 vivi
826 2301 1003 2371 sermonis
1016 2301 1092 2372 imi·

84 2410 276 2483 tabimur?
300 2439 318 2479 n
342 2409 476 2481 ntieubi
508 2409 554 2482 ad
585 2410 749 2506 ignotum
773 2410 880 2482 nobis
906 2409 1092 2484 hominem

86 2527 194 2599 missa
213 2525 361 2625 epistola
372 2524 448 2597 haee
457 2525 503 2596 de
515 2525 837 2622 epistolarigenere
865 2525 1060 2621 significat*
1081 2556 1089 2598 :

88 2639 227 2726 «Quod
236 2640 286 2710 ait
302 2653 425 2710 noster
433 2638 607 2725 comicus,
621 2661 809 2734 nunquam
827 2652 863 2708 te
881 2637 986 2728 adeo,
1004 2641 1093 2734 quin

85 2752 151 2825 abs
162 2766 198 2825 te
220 2753 363 2825 doctior
379 2751 524 2840 abeam,
544 2750 581 2820 id
602 2774 670 2845 ego
689 2748 734 2819 de
751 2749 908 2846 epistolis
924 2751 996 2821 tuis
1009 2752 1091 2847 jure

85 2865 381 2953 memoraverim,
402 2889 481 2960 quae
508 2862 628 2933 multis
646 2860 795 2951 salibus,
826 2886 1093 2960 nonuunquam

86 2978 362 3066 sententiarum,
380 2975 594 3074 plerumque
611 2999 778 3045 versuum
792 2975 1000 3052 farciuntur.
1020 2981 1090 3050 Ve-

85 3089 150 3163 luti
167 3114 266 3162 nunc
294 3088 418 3160 litterae
444 3104 511 3160 tuae
540 3087 678 3158 olentes
698 3087 918 3159 Platonicum
945 3103 1087 3176 nectar,

82 3219 263 3304 quantum
278 3202 368 3273 mihi
384 3202 544 3273 muneris
558 3215 594 3272 et
608 3200 758 3271 lionoris
773 3200 966 3273 dederunt!
988 3235 1005 3269 a
1028 3202 1093 3274 Ali·

123 3416 153 3472 l.
176 3409 333 3489 symmach
351 3409 614 3485 Epist.,111,xiv.

124 3505 153 3562 2.
177 3500 334 3574 td.,1·bnt.‚
352 3503 504 3569 lV,xv111.

120 3594 153 3652 3.
174 3589 236 3662 nt,
252 3589 336 3660 ibid„
352 3591 405 3659 IV,
421 3605 528 3644 xxvnr.

117 3682 150 3738 4.
173 3679 219 3742 Cl.
233 3682 266 3741 C.
282 3683 310 3739 J.
325 3677 416 3749 Vici,
432 3694 498 3754 cap.
513 3694 611 3743 xxvn,
627 3693 658 3751 p.
675 3674 746 3728 tat.

115 3775 151 3833 ὅ.
173 3774 224 3829 Est
236 3768 330 3848 (quod
347 3768 416 3827 scite
430 3766 569 3844 scripturn
583 3775 626 3821 est
644 3760 806 3840 aTurpilio
821 3760 947 3834 comico)
966 3760 1088 3839 epistola

78 3858 242 3920 &sentium
261 3859 420 3918 amicorum
434 3854 517 3933 quasi
533 3865 650 3912 mutuus
664 3870 773 3909 sermo.
793 3853 906 3911 Erasm.
924 3852 960 3907 de
979 3854 1089 3909 ratione

77 3948 281 4011 conscribendi
296 3948 442 4029 epistolas.

119 4054 149 4113 6.
171 4047 337 4127 symmach.
353 4048 463 4124 Epist„
475 4047 516 4116 V,
531 4062 601 4100 xxx.

117 4142 148 4201 7.
169 4138 229 4212 Id„
245 4137 404 4211 rbid.,1x,
420 4152 539 4193 xxxxiv.
