2738 4928
477 392 480 399 .
586 318 783 388 -a-

179 466 401 555 Cornelium,
422 466 487 562 'qui
510 491 565 537 res
586 467 661 563 ejus
683 466 838 540 absentis
858 469 1043 542 curabant.
1060 475 1100 541 ln
1122 470 1178 545 his

180 578 337 677 epistolis
351 578 565 675 quibusdam
575 580 613 649 in
629 579 716 653 loeis
732 582 962 653 inveniuntur
973 584 1096 656 litterae
1108 586 1179 656 sin·

179 692 323 789 gularlae
338 694 416 764 sine
439 695 656 790 coagmentis
671 694 899 792 syllabarum,
918 722 1006 793 quas
1020 713 1060 769 tu
1076 713 1178 796 putes

178 807 316 906 positas
331 808 532 898 incondite3
551 832 636 879 nam
650 807 759 879 verba
777 833 818 879 cx
836 808 892 879 his
907 810 1031 882 litteris
1050 812 1178 885 confici
1258 824 1259 829 ’

177 921 280 994 nulla
288 926 546 1020 possunt.Erat
555 937 673 1002 autem
682 936 898 994 conventum
910 924 1002 996 inter
1013 951 1076 998 eos
1086 929 1185 999 clam.

181 1033 361 1106 destinum
386 1035 431 1106 de
456 1036 712 1106 commutando
738 1040 809 1106 situ
833 1036 1050 1130 litterarum,
1078 1055 1118 1111 ut
1143 1040 1178 1111 in

180 1148 315 1247 scripto
335 1147 482 1245 quidem
503 1140 571 1219 alia
592 1147 666 1220 aliae
679 1148 799 1219 locum
823 1163 858 1220 et
877 1174 1010 1222 nomen
1029 1167 1176 1241 teneret,

179 1260 296 1333 sedin
319 1261 470 1358 legendo
487 1263 587 1333 loeus
604 1263 732 1359 cuique
751 1288 835 1335 suus
852 1279 887 1334 et
902 1279 1058 1362 potestas
1080 1267 1179 1337 resti-

178 1389 357 1467 tueretur;
373 1400 537 1474 quaenam
552 1401 637 1447 vero
655 1376 770 1448 littera
786 1403 853 1475 pro
867 1403 940 1476 qua
954 1377 1176 1470 subderetur,

178 1503 264 1560 ante
287 1489 343 1578 iis,
366 1490 468 1560 sicuti
493 1488 577 1581 dixi,
604 1489 861 1589 complacebat,
887 1491 950 1588 qui
975 1489 1069 1562 hano
1094 1493 1179 1562 scri-

148 1658 150 1662 ,
177 1598 290 1672 bendi
306 1600 477 1673 latebram
489 1600 677 1700 parabant.
693 1604 754 1672 Est
772 1603 862 1674 adeo
875 1602 985 1673 Probi
1007 1627 1180 1700 gramma·

178 1714 240 1784 tici
264 1715 541 1785 commentarius
569 1715 651 1785 satis
674 1716 814 1787 curiose
840 1715 950 1786 factus
965 1720 1018 1787 De
1042 1716 1181 1789 occulta

178 1827 376 1898 litterarum
412 1827 672 1923 significatione
705 1829 934 1925 epistolarum
966 1833 1006 1900 C.
1038 1831 1180 1902 Coesaris

178 1939 447 2038 scriptarum.»
475 1942 627 2012 Tertiam
660 1945 928 2013 annotationem
960 1966 1040 2013 eam
1067 1943 1181 2015 obiter

178 2053 448 2144 collocabimus,
463 2079 535 2151 qua
548 2055 774 2150 sagacitatem
791 2054 943 2125 rhetoris
959 2057 1071 2125 nostri
1088 2080 1182 2127 com·

176 2166 391 2264 probemus,
410 2167 533 2264 paucis
554 2166 760 2263 explicantis
772 2170 794 2256 ¹,
815 2192 926 2262 quare
942 2182 978 2238 et
994 2168 1180 2262 quomodo

177 2279 216 2351 in
233 2280 383 2379 epistola
403 2280 560 2351 cavenda
582 2280 693 2373 tnagis
716 2279 913 2351 obscuritas
936 2281 992 2372 sit,
1013 2305 1122 2377 quam
1142 2283 1179 2352 in

178 2392 341 2464 oratione
357 2408 418 2463 aut
437 2393 473 2462 in
492 2392 781 2463 sermocinando.
800 2396 973 2479 Quartam
997 2417 1082 2464 vero
1104 2395 1180 2464 ani·

177 2505 466 2577 madversionem
494 2506 539 2576 de
573 2502 752 2575 variandis
783 2505 1013 2602 epistolarum
1042 2507 1179 2577 modis²

178 2620 377 2690 secundum
399 2621 496 2689 varia
511 2642 747 2716 personarum
764 2642 892 2713 genera
906 2674 915 2709 ,
931 2618 977 2689 ad
992 2643 1080 2714 quas
1100 2620 1180 2689 mit-

179 2746 312 2823 tentur,
324 2733 362 2803 in
379 2758 423 2802 eo
435 2756 612 2830 ponemus
629 2744 670 2800 ut
685 2731 811 2800 merito
828 2754 1068 2800 asseveremus
1078 2730 1179 2800 Cice-

176 2848 277 2917 ronis
287 2844 455 2944 epistolas
464 2845 565 2915 omni
577 2869 618 2914 ex
632 2857 732 2941 parte
742 2843 784 2912 iis
797 2841 1013 2940 respondere
1031 2866 1109 2937 quae
1122 2842 1181 2912 hic

177 2958 378 3060 expostulat
391 2960 525 3030 Victor.
549 2957 651 3027 Nulla
671 2956 768 3026 enim
784 2979 857 3025 non
881 2980 1001 3028 rerum
1021 2954 1179 3028 dicendi-

179 3098 249 3170 que
273 3074 469 3144 formarum
500 3070 683 3141 diversitas
704 3069 741 3138 in
763 3067 829 3138 illis
857 3067 978 3138 enitet.
1005 3069 1181 3155 Quocirca

181 3201 256 3260 tum
265 3188 303 3258 in
318 3185 523 3285 negotiosis,
539 3200 616 3255 tum
633 3183 671 3252 in
686 3178 916 3252 familiaribus
927 3181 1052 3251 litteris
1065 3183 1177 3272 omni,

178 3293 954 3391 utitadicam,sententiarumverborumque
964 3294 1180 3365 flexibilitate

180 3429 215 3485 et
230 3413 393 3485 facilitate
406 3427 441 3483 et
453 3411 649 3482 mobilitate
663 3423 697 3479 et
709 3409 812 3504 eopia
825 3423 859 3476 et
872 3405 1011 3476 infinita
1025 3406 1180 3503 quadam

179 3522 347 3595 varietate
360 3522 452 3593 adeo
469 3522 595 3592 Cicero
613 3516 764 3606 excellit,
779 3530 819 3587 ut
835 3540 918 3586 eum
934 3517 1081 3586 unicum
1097 3541 1179 3588 vere

177 3651 439 3734 praeceptorum
457 3657 606 3705 suorum
619 3630 664 3701 de
674 3628 830 3726 epistolis
844 3626 1047 3726 exemplum
1057 3629 1179 3699 Victor

178 3747 589 3848 proposuissevideatur.
598 3747 668 3815 Seu
677 3742 935 3840 gratulatorias,
945 3768 1008 3815 scu
1016 3743 1179 3814 consola-

219 4009 250 4066 l.
276 4007 307 4064 C.
324 4006 350 4063 J.
367 4002 459 4071 vict„
474 4020 538 4078 cap.
555 4016 699 4074 xar11‚p.
717 3995 861 4053 tat-tao.

220 4103 250 4162 2.
272 4099 362 4173 thid,
382 4118 444 4177 cap.
463 4116 562 4169 xxrrr,
578 4115 609 4174 p.
624 4095 694 4155 tao.
778 4124 781 4130 ·
