2774 4928
521 815 702 909 CAPUT
747 818 841 907 Ill.

242 1213 267 1296 S
293 1218 322 1276 l.
336 1213 456 1294 Aliquot
468 1213 634 1275 summatim
644 1212 683 1272 de
694 1213 832 1274 extremis
844 1213 959 1276 dnobus
972 1216 1134 1279 Rhetoricae

473 1304 561 1380 hujus
574 1303 652 1365 artis
665 1303 808 1384 capitibus
819 1302 911 1366 dicta.

231 1555 336 1628 Nunc
356 1551 404 1626 ad
418 1552 561 1624 tertiam
577 1550 738 1624 inchoati
754 1575 776 1623 a
796 1575 855 1623 me
878 1553 1040 1624 muneris
1056 1568 1196 1652 partem

185 1681 348 1758 namen,
367 1677 406 1736 ut
418 1662 550 1736 ordine
563 1663 702 1759 singula
723 1687 947 1757 recenseam,
962 1689 1042 1761 quae
1059 1665 1106 1739 de
1120 1691 1197 1740 ser·

178 1779 430 1852 -mocinaticne
445 1801 488 1849 ac
501 1777 547 1849 de
561 1777 721 1876 epistolis
737 1779 897 1875 primum
914 1778 1011 1876 apud
1029 1781 1198 1879 antiquos

185 1893 402 1987 latinosque
432 1888 576 1960 dicendi
608 1890 820 1983 magistros,
860 1914 1016 1987 quorum
1048 1892 1199 1987 quidem

186 2027 300 2101 opera
323 2014 541 2100 supersunt,
571 2023 593 2070 a
617 2014 743 2071 nostro
778 2016 862 2072 sunt
898 2003 1095 2075 enuntiata.
1132 2006 1198 2078 llic

189 2115 338 2187 forsitan
353 2114 510 2210 legentes
526 2126 671 2210 sperent
687 2136 726 2183 se
743 2112 916 2209 quiddam
934 2115 1020 2186 novi
1045 2116 1082 2186 in
1104 2114 1199 2191 illius

188 2226 407 2328 compendio
436 2227 646 2298 inventuros
672 2250 774 2317 esse,
809 2225 990 2324 siquidem
1012 2231 1199 2303 materiam

188 2353 267 2412 tum
282 2339 321 2410 in
346 2337 547 2428 Ciceronis,
566 2349 644 2406 tum
660 2336 698 2406 in
715 2335 945 2431 Quintiliani,
961 2352 1038 2410 tum
1052 2339 1090 2411 in
1102 2355 1199 2414 cete·

187 2474 314 2523 rorum
349 2449 558 2520 Latinorum
588 2447 777 2520 rhetoricis
806 2449 945 2522 artibus
974 2453 1198 2524 intractatam

188 2562 375 2637 videbunt.
411 2566 463 2632 Ex
486 2585 561 2657 quo
592 2559 632 2630 fit
656 2576 697 2632 ut
723 2585 870 2657 prorsus
900 2565 1200 2636 commendanda

189 2675 344 2747 Victoris
359 2672 513 2744 rhetoris
529 2671 690 2767 dignitati
706 2671 870 2744 sufficere
883 2675 997 2744 Mai0¹
1010 2673 1202 2746 videantur

189 2787 247 2860 uel
264 2786 340 2861 duo
353 2801 536 2885 postrema
553 2798 724 2856 tractatus
741 2786 876 2881 capita,
900 2811 981 2883 quae
998 2786 1045 2858 ad
1065 2810 1202 2860 sermo-

167 2957 173 2970 .
189 2901 408 2974 curationem
423 2898 588 2971 videlicet
604 2913 641 2970 et
651 2898 697 2969 ad
711 2897 878 2996 epistolas
894 2901 1058 2970 attinent.
1079 2905 1201 2999 ltaque

190 3014 255 3111 qui
270 3028 374 3089 antea
390 3012 497 3086 nobis
514 3010 631 3083 dictus
646 3025 712 3103 est,
731 3035 851 3108 neque
868 3012 899 3084 is
922 3011 1029 3084 fuisse
1045 3016 1109 3112 qui
1124 3014 1200 3086 alo·

191 3128 389 3224 quentiam,
401 3124 505 3198 Tullii
520 3141 556 3197 et
571 3125 678 3197 etiam
689 3124 899 3212 Quintiliani
913 3150 1028 3218 more,
1044 3126 1202 3226 philoso-

191 3240 284 3340 phiae
301 3240 463 3338 quodam
478 3239 615 3311 lumina
639 3237 884 3332 illustraverit,
905 3263 1023 3338 neque
1037 3240 1203 3313 christia·

191 3376 325 3430 norum
348 3379 384 3429 tv
410 3352 529 3426 saeculi
558 3352 751 3425 doctorum
779 3353 1034 3425 fecunditatem
1064 3368 1100 3425 et
1127 3356 1201 3428 vim

191 3469 396 3566 aequauisse,
411 3464 528 3538 sedin
545 3463 635 3536 illud
647 3463 765 3536 solum
778 3463 995 3554 incubuisse,
1011 3479 1053 3536 ut
1067 3490 1088 3537 e
1104 3481 1203 3538 rete·

190 3579 292 3653 ribus
299 3578 442 3654 dicendi
453 3575 686 3676 scriptoribus
697 3579 887 3676 precepta,
902 3576 1004 3649 nullo
1013 3578 1090 3674 jam
1100 3600 1203 3678 pune

195 3693 234 3766 in
252 3720 324 3766 usu·
334 3693 432 3793 apud
450 3715 622 3792 paganos,
641 3691 856 3765 adverbum
873 3691 1100 3784 transferret,
1117 3692 1201 3763 isin

194 3805 355 3883 firmiore
368 3806 520 3898 deinde,
538 3821 580 3880 ut
594 3807 642 3878 ita
658 3805 799 3900 dicam,
820 3803 900 3878 solo
913 3806 1097 3878 cmsistet.
1113 3811 1204 3878 Nam

115 4028 118 4034 Ι
238 4047 267 4100 l.
290 4045 334 4100 De
347 4039 421 4100 vict.
435 4039 588 4111 Rhetotie„
602 4059 681 4097 ιω.
