2738 4928
579 326 649 343 ..,.
673 286 798 362 05*-

178 486 182 492 -
236 420 330 525 Sed,
356 447 397 504 ut
416 432 575 533 primum
601 431 649 506 ad
674 437 817 507 Graecos
843 449 980 508 veteres
1013 436 1128 509 oratio
1155 461 1194 509 se

191 547 311 621 flectat
335 571 378 619 ao
404 547 581 640 devertat,
611 549 814 620 Demetrius
836 548 1028 648 Phalereus
1044 550 1080 621 in
1101 547 1194 623 libro

186 659 253 757 -qui
269 663 340 758 Περὶ
360 663 514 758 ἑρμηνείας
533 659 754 751 inscribittn,
777 661 913 759 optime
933 662 1056 733 statuit
1073 676 1109 734 et
1125 661 1196 735 dis·

189 773 295 846 tinxit
312 798 386 870 quo
402 772 546 845 vinculo
565 773 727 870 dialogus
741 789 776 845 et
788 773 947 873 epistolae
960 776 1193 867 sociarentur,

187 911 266 984 quo
286 901 407 958 autem
430 887 633 959 discrimine
658 902 921 985 separarentur.
952 893 1194 979 «Artemon,

160 1020 165 1031 ·
190 999 339 1098 inquitl,
355 1001 417 1098 qui
429 1001 612 1098 exscripsit
627 1000 822 1072 Aristotelis
838 999 1007 1099 epistolas
1022 1001 1071 1071 ait
1087 1025 1198 1100 opor·

191 1127 266 1185 tere
290 1112 419 1186 eodem
447 1113 540 1210 stylo
568 1112 751 1210 dialogum
774 1113 930 1187 scribere
949 1128 986 1186 et
1003 1115 1194 1212 epistolas:

188 1250 268 1298 esse
293 1249 450 1321 namque
474 1224 664 1324 epistolam
688 1240 862 1324 tanquam
888 1226 1198 1326 alteram-partem

191 1337 338 1434 dialogi.
356 1343 401 1408 Et
412 1338 497 1408 dicit
514 1337 650 1435 aliquid
665 1338 827 1430 fortasse,
843 1353 1052 1411 nontamen
1069 1365 1197 1430 omne;

192 1464 339 1547 oportet
354 1451 452 1521 enim
463 1450 593 1522 factam
609 1475 684 1523 esse
696 1451 817 1549 aliquo
832 1451 943 1522 modo
953 1452 1077 1548 magis,
1090 1476 1200 1550 quam

193 1562 391 1656 dialogum,
410 1562 615 1660 epistolam3
635 1563 695 1635 hie
708 1565 805 1635 enim
820 1565 981 1637 imitatur
997 1580 1200 1664 extempore

192 1674 394 1766 dicentem
415 1673 491 1746 haec
508 1690 628 1747 autem
647 1676 832 1765 scribitur,
854 1705 872 1745 u
888 1693 924 1749 et
937 1693 1055 1750 cetera
1072 1681 1200 1777 quaein

191 1789 374 1860 Demetrio
388 1803 603 1884 sequuntur.
623 1789 720 1875 Quin
738 1790 865 1880 etiam,
879 1805 962 1862 ante
978 1793 1202 1865 Demetrium

190 1901 416 1992 Phalereum,
427 1902 525 1999 Plato
537 1903 574 1973 in
587 1902 752 2000 Sophiste
761 1907 784 1992 ¹,
798 1903 1201 1990 thuintilianus⁸recte

191 2017 426 2109 recordatur,
451 2015 663 2112 eloquentiae
681 2015 844 2113 partibus
860 2041 940 2112 quae
961 2017 1007 2088 ad
1030 2017 1200 2113 judiciale

190 2143 230 2200 et
241 2128 453 2201 concionale
470 2153 583 2225 genus
594 2118 757 2226 spectant
771 2130 942 2201 «tertiam
953 2129 1082 2226 adjecit
1094 2161 1201 2227 προσο-

192 2249 384 2338 μιλητικήν,
412 2265 523 2338 quam
553 2266 639 2312 sane
665 2242 917 2340 permittamus
945 2242 1050 2315 nobis
1078 2244 1200 2316 dicere

189 2355 538 2444 sermocinatrieem3
570 2379 648 2452 quae
676 2378 698 2426 a
726 2354 858 2426 forensi
892 2356 1031 2428 ratione
1063 2357 1199 2455 disjun-

191 2467 308 2562 gitur,
337 2482 373 2539 et
400 2481 454 2539 est
476 2467 747 2538 accommodata
776 2468 923 2564 privatis
947 2467 1200 2568 disputationi-

192 2579 280 2671 bus;
295 2581 461 2677 cujusvis
472 2580 599 2653 eadem
615 2582 776 2678 prolecto
791 2597 844 2653 est
860 2608 940 2679 quae
958 2585 1161 2671 dialecticae,
1180 2619 1196 2651 »

194 2707 231 2765 et
246 2693 328 2765 ideo
346 2693 510 2793 paulum,
533 2710 574 2765 ut
603 2695 739 2784 fateor,
764 2694 811 2764 oh
834 2719 876 2766 ea
902 2697 1200 2769 sermocinatione

191 2806 386 2899 dissimilis,
401 2807 447 2879 de
460 2830 532 2903 qua
547 2831 630 2877 mox
646 2807 828 2878 Victorem
847 2807 1077 2879 disserentem
1094 2808 1200 2882 indu·

192 2945 329 2993 cemus.

245 3039 324 3107 Non
341 3032 510 3132 equidem
527 3034 654 3106 dubito
671 3034 775 3130 quin,
803 3033 832 3104 si
855 3034 1069 3131 perlustrare
1094 3034 1199 3107 nobis

191 3163 296 3221 vacet
329 3173 564 3247 quaecumque
593 3162 669 3220 turn
700 3158 808 3240 ante,
844 3162 921 3218 tum
958 3163 1040 3247 post
1070 3149 1200 3220 Christi

194 3274 374 3361 tempora,
404 3260 460 3332 vel
480 3262 594 3333 Graeci
610 3261 668 3333 vel
685 3260 837 3331 Romani
855 3261 1046 3358 scriptores
1074 3260 1120 3330 de
1142 3261 1198 3330 di·

194 3375 301 3447 cendi
311 3391 347 3447 et
356 3373 535 3446 scribendi
546 3389 620 3445 arte
634 3386 927 3470 composuerunt,
942 3371 1001 3441 hic
1014 3370 1088 3440 illic
1107 3396 1200 3464 quae·

196 3486 281 3559 dam
299 3488 464 3558 annotari
480 3487 619 3583 possint
635 3499 670 3555 et
687 3484 733 3554 ad
750 3481 1084 3553 sermocinationem
1100 3495 1137 3551 et
1153 3482 1200 3554 ad

194 3601 363 3700 epistolas
373 3598 570 3671 referenda.
587 3596 675 3668 Mihi
691 3595 801 3667 modo
813 3596 905 3667 inter
920 3597 1062 3666 Graecos
1074 3593 1200 3668 divum

242 3799 274 3857 l.
297 3800 410 3854 Demet.
430 3792 544 3853 Phaler.
565 3797 602 3850 de
619 3795 783 3852 Elocutiouc
799 3795 877 3868 (cum
894 3792 973 3853 Petri
985 3791 1104 3855 Victorii
1118 3815 1202 3855 corn-

194 3884 353 3944 mentariis.
372 3887 405 3943 ln
418 3883 533 3942 officina
546 3887 710 3942 luntarum.
726 3883 853 3955 unnxu),
867 3900 899 3961 p.
916 3885 973 3942 tut

235 3977 269 4032 2.
292 3973 366 4032 Plat.
382 3974 518 4048 Sophtha,
534 3993 564 4052 p.
581 3975 660 4049 Μ,
676 3972 724 4032 ed.
740 3975 780 4033 H.
795 3971 895 4052 steph.

236 4066 270 4124 3.
291 4063 427 4140 Quintil,
442 4067 501 4143 111,
517 4066 552 4142 d,
567 4066 617 4122 10.
