2738 4928
580 305 780 381 ..29-

175 459 421 561 syllogismum
450 457 488 527 in
513 456 673 553 quinque
695 470 814 554 partes
831 453 1060 528 distributum
1079 478 1175 547 esse,
1227 477 1232 485 ·

176 572 360 644 Aristotele
382 585 418 641 et
439 569 686 668 Theophrasto
705 581 740 639 et
756 569 930 640 Cicerone
953 566 1174 661 auctoribus,

176 686 327 777 dixerit,
347 709 421 756 non
449 683 688 754 firmissimam
708 680 807 753 illam
832 680 965 752 Tullii¹
990 681 1180 777 ratiocina-

177 800 313 871 tionem
352 795 529 868 addiderit
562 794 805 893 disputationc
839 792 1085 865 confirmantis
1109 816 1181 890 qua

177 898 284 985 causa
299 914 349 984 ita
371 936 408 982 se
432 935 510 982 rem
531 909 668 981 habere
693 934 838 981 necesse
858 910 914 979 sit.
938 912 1065 980 Noster
1083 908 1180 979 enim

177 1025 301 1097 brevia
330 1023 446 1096 solum
481 1022 652 1094 orationis
685 1036 862 1121 praecepta
896 1020 963 1092 sibi
993 1019 1181 1093 scribenda

178 1138 385 1236 proposuit,
411 1161 452 1208 ac
478 1134 679 1207 dummodo
705 1135 860 1206 lucidam
882 1135 919 1206 in
950 1134 992 1205 iis
1021 1133 1181 1206 brevita-

179 1261 252 1317 tem
268 1247 439 1343 attigerit,
458 1270 566 1317 omne
584 1244 662 1316 tulit
679 1245 797 1343 operis
810 1243 878 1315 sibi
894 1243 1060 1317 destinati
1073 1267 1183 1342 punc·

179 1372 269 1457 tum.
290 1363 518 1457 Quapropter
545 1383 590 1429 ne
611 1356 662 1429 illi
681 1358 768 1428 vitio
787 1376 966 1430 vertamus
983 1356 1084 1454 quod
1103 1383 1181 1428 mu·

181 1471 242 1543 tila
257 1461 376 1568 aliqua
391 1485 425 1542 et
440 1483 576 1541 curtata
592 1469 638 1541 de
656 1469 881 1541 inveniendis
898 1485 934 1542 et
950 1469 1183 1568 disponendis

180 1584 227 1656 ab
244 1598 391 1674 oratore
406 1582 512 1679 rebus
536 1582 806 1679 conscripserit3
828 1606 944 1678 neque
967 1581 1185 1653 admiremur

180 1721 305 1794 quare,
317 1721 430 1794 quum
447 1695 492 1766 de
506 1695 737 1791 egressione²,
753 1693 852 1766 verbi
870 1694 999 1790 gratia,
1020 1694 1184 1790 quaedam

180 1810 219 1880 in
233 1808 363 1879 librum
381 1833 487 1879 suum
505 1832 546 1877 ex
557 1805 1018 1893 InstitutioneQuintiliani⁸
1030 1807 1186 1877 oratoria

181 1924 369 2011 traducat,
400 1921 698 2018 jucundissimam
727 1945 853 1991 eornm
877 1935 1016 2017 partem
1044 1921 1184 1993 silentio
1250 1962 1252 1966 ·

183 2049 367 2132 praetereat
382 2058 461 2130 quae
477 2032 626 2135 Fabius,
648 2031 739 2122 dum,
752 2056 823 2102 suae
852 2033 960 2102 aetatis
984 2033 1187 2102 orationum

184 2145 374 2245 plerasque
402 2144 647 2240 degressiones
675 2143 917 2240 vituperaret,
948 2142 1187 2239 pulcherrime

185 2257 372 2352 degressus
389 2255 591 2353 explanavit
608 2257 630 2326 ⁸.
1160 2250 1162 2254 ’

234 2369 405 2456 Quamvis
446 2382 567 2438 antem
601 2366 786 2438 concisum
826 2391 902 2438 esse
931 2367 1188 2466 compendium

159 2478 162 2482 ’
184 2508 289 2555 suum
300 2483 420 2567 Victor
430 2479 597 2570 voluerit,
616 2504 724 2550 nemo
738 2503 814 2550 non
832 2478 933 2552 arida
948 2496 984 2553 et
1000 2484 1189 2578 exsanguia

185 2621 261 2669 esse
284 2595 410 2666 merito
428 2593 524 2664 dicet
539 2618 618 2690 quae
634 2593 680 2664 de
695 2593 830 2665 facetiis
846 2609 881 2665 et
897 2594 1081 2686 dicacitate
1098 2622 1188 2693 prae·

185 2709 281 2807 cepit
293 2709 317 2776 ⁶.
337 2713 416 2778 Non
435 2705 535 2802 quod
559 2704 612 2775 ibi
639 2706 769 2800 magis,
788 2730 897 2801 quam
915 2706 986 2778 alio
1009 2706 1108 2799 loco,
1129 2723 1190 2779 aut

174 2816 399 2892 ⁴Ciceronis⁶¹
423 2818 586 2915 copiam,
618 2831 679 2887 aut
714 2815 946 2903 Quintiliani⁷
973 2817 1191 2913 diligentiam

191 2956 382 3031 exposcere
403 2929 560 3018 debeas,
586 2927 651 3000 sed
677 2926 776 3028 quod
803 2928 876 2998 sive
903 2928 1188 3024 degressionem,
1267 2974 1270 2977 Δ

179 3044 264 3114 'sive
288 3057 421 3114 ceteras
441 3040 634 3112 rhetorices
662 3041 827 3112 materias
848 3043 1049 3132 tractand0,
1072 3045 1192 3115 Victor

190 3180 377 3251 nunquam
408 3153 479 3252 sere
515 3151 625 3247 unam
659 3153 774 3224 exiis
806 3155 908 3225 novis
928 3149 976 3225 ¹et
1006 3157 1191 3228 notatione

172 3267 307 3364 >dignis
341 3262 650 3360 observationibus
676 3266 822 3359 inserit,
855 3266 1051 3365 exquibus
1090 3263 1191 3339 facile

233 3541 261 3596 l.
284 3535 343 3594 Cic.
359 3537 396 3591 de
409 3535 582 3605 Inventione,
597 3536 629 3604 I,
646 3535 752 3590 34-40.

181 3703 182 3706 Ἴ
203 3695 205 3701 .
233 3630 263 3685 2.
274 3629 317 3702 -C,
332 3629 360 3686 J.
377 3623 449 3683 Vict.
460 3643 546 3702 ,cap
562 3643 636 3683 xv11.

232 3720 262 3776 3.
287 3713 422 3791 Quintil,
440 3717 495 3786 tv,
515 3715 549 3783 3,
567 3714 674 3772 ta-tt.

233 3811 263 3865 l.
290 3804 424 3878 Quintil,
439 3807 493 3874 IV,
507 3807 541 3875 3,
557 3806 644 3865 l-ll.

235 3899 264 3953 5.
291 3897 322 3952 C.
338 3897 365 3950 J.
383 3893 454 3952 Vict.
466 3911 546 3968 ,cap
561 3911 641 3961 xv11,
657 3909 686 3967 p.
705 3891 813 3949 93·9l.

235 3987 265 4046 6.
289 3982 348 4040 Cic.
365 3985 401 4037 de
417 3985 547 4051 Oratore,
560 3982 605 4049 ll,
621 3981 728 4039 54-71.

236 4078 265 4133 7.
287 4071 420 4147 Quintil,
435 4074 474 4129 VI
483 4113 493 4143 ,
508 4072 526 4127 3
535 4111 545 4141 ,
560 4070 666 4126 1-119.
