2738 4928
599 304 797 379 ...80-

192 451 270 525 haec
280 468 389 551 atque
399 453 436 525 in
452 467 628 554 perpetuo
642 479 709 525 usu
721 467 920 526 versentur.
938 455 1107 541 Quorum
1120 475 1194 525 non

192 567 300 640 aliam
311 568 466 667 speciem
484 593 688 667 proponere
704 591 848 640 necesse
863 580 930 657 est,
949 589 1060 664 quam
1080 562 1195 638 admi·

191 679 322 754 rabiles
352 679 433 752 illos
460 681 614 752 Platonis
638 695 674 752 et
698 678 880 752 Ciceronis
903 702 1108 770 sermones,
1134 681 1196 778 qrri

192 792 440 867 diversissimis
460 791 724 865 sermocinandi
753 790 938 891 leporibus
961 791 1193 890 frequentati,

191 905 290 979 varia
314 906 411 1005 apud
434 908 602 1006 antiquos
619 905 929 978 sermocinationis
953 928 1085 1001 genera
1105 928 1196 1001 quo·

192 1017 392 1091 dammodo
405 1019 623 1092 adumbrant
638 1033 674 1092 et
688 1019 772 1090 vivo
788 1018 895 1090 etiam
904 1015 1070 1089 colorum
1086 1015 1195 1088 ductu

193 1133 366 1206 raserunt.
400 1135 488 1222 Quae
516 1135 613 1206 enim
643 1133 754 1205 modo
782 1131 945 1230 gravitati
971 1143 1194 1228 temperatas,

192 1246 443 1329 modoAtticae
458 1262 521 1321 aut
542 1252 711 1320 Romanae
736 1245 927 1318 urbanitati
950 1243 1112 1314 immixta
1129 1241 1197 1315 ele·

193 1359 314 1456 gantia
330 1386 407 1432 non
429 1360 650 1462 immortales
674 1360 861 1457 utriusque
885 1356 1049 1455 dialogos
1065 1380 1196 1427 couve-

176 1472 341 1544 ·nustat?
367 1473 613 1563 Quamobrem
631 1474 794 1571 quamvis
816 1473 911 1543 inter
926 1494 965 1542 se
983 1495 1076 1569 saepe
1094 1468 1197 1543 dissi·

177 1584 295 1656 miles
334 1586 425 1676 sint,
462 1602 613 1685 uterque
651 1601 772 1658 tamen
803 1586 840 1654 in
874 1581 1126 1683 pulcherrimis
1158 1582 1199 1654 iis

192 1697 384 1795 colloquiis
413 1714 475 1771 aut
507 1699 700 1797 proverbia
733 1711 938 1796 opportune
965 1709 1108 1794 aptata,
1140 1710 1199 1768 aut

177 1831 316 1879 -vcrsus
347 1811 539 1882 commode
565 1813 720 1910 positoS,
752 1807 814 1882 aut
843 1808 989 1880 doctam
1011 1807 1199 1881 comoediae

193 1916 301 2016 hujus
320 1922 556 1995 imitationem
581 1949 660 2021 quae
679 1922 857 1996 sermonis
880 1919 1032 2020 gratiam
1052 1919 1196 2015 retinet,

194 2048 258 2107 aut
272 2061 315 2107 ex
324 2036 471 2111 historia
487 2040 594 2112 ducta
606 2038 775 2111 decenter
788 2037 965 2141 exempla,
982 2050 1046 2108 aut
1061 2050 1200 2109 senten·

194 2147 260 2220 tias
275 2150 424 2248 pulchre
443 2178 526 2224 cum
544 2152 655 2224 rebus
672 2153 714 2223 iis
731 2151 777 2222 de
794 2149 926 2249 quibus
941 2149 1057 2244 agitur
1070 2173 1198 2221 conso·

194 2279 321 2334 nantes
337 2265 385 2337 ita
402 2265 503 2337 allert
518 2281 554 2337 et
569 2266 746 2355 contexit,
767 2279 807 2336 ut
823 2264 967 2335 illorum
984 2264 1199 2337 sermocina-

159 2455 162 2459 ,
195 2375 264 2464 tic,
284 2376 484 2448 secundum
500 2402 622 2450 veram
641 2379 824 2449 Fontanii¹
842 2377 954 2447 nostri
970 2376 1198 2474 opinionem,

194 2509 279 2557 cunr
296 2486 403 2560 horto
416 2490 637 2562 conferenda
648 2492 705 2580 sit,
726 2489 789 2560 ubi
806 2514 894 2586 opes
911 2489 1014 2560 Flora
1031 2485 1201 2559 diffundit

194 2624 275 2696 quae
291 2599 429 2673 diversa
448 2604 519 2674 sint
533 2629 643 2701 apum
662 2602 759 2674 melli
776 2602 919 2699 pabula.
933 2600 1043 2672 Nobis
1055 2600 1201 2698 quidem

174 2737 260 2811 per
276 2714 398 2786 omnia
412 2714 488 2786 haec
505 2717 646 2812 evagari
666 2715 792 2788 liberet
811 2740 890 2813 quae
906 2714 1061 2786 breviter
1074 2737 1202 2812 praece·

194 2826 249 2925 pit
266 2828 390 2899 Victor
407 2828 453 2900 de
471 2830 576 2900 variis
594 2829 748 2900 sontium
772 2829 976 2925 generibus,
1000 2827 1102 2898 unde
1121 2828 1199 2926 plu·

195 2938 287 3010 rima
304 2941 340 3010 in
361 2943 536 3013 sermonis
554 2945 702 3039 gratiam
720 2942 897 3032 defluant3
917 2966 958 3012 ac
974 2940 1156 3040 praecipue
1166 2941 1200 3011 in

194 3049 238 3120 iis
272 3055 491 3125 commorari
523 3081 710 3153 possemus
747 3055 1006 3157 comoediarum
1041 3068 1201 3126 veterum

175 3209 178 3222 ι
195 3161 320 3235 formis
344 3190 432 3261 quas
449 3169 573 3238 Victor
595 3170 806 3240 nominavit.
826 3168 897 3239 Sed
917 3192 1060 3239 mecum
1082 3191 1202 3239 recor·

196 3275 275 3348 dari
288 3301 346 3348 me
358 3295 501 3378 oportet
510 3306 586 3353 non
599 3282 638 3353 id
654 3307 729 3354 esse
741 3282 830 3355 milri
846 3282 1073 3381 propositum
1090 3280 1200 3373 aliud,

194 3384 264 3462 nisi
284 3407 323 3464 ut
343 3392 437 3465 hauc
460 3394 612 3468 rhetoris
636 3398 751 3468 nostri
772 3396 919 3493 eclogen
945 3395 1199 3493 expenderem.

196 3507 275 3576 Non
289 3531 373 3603 ergo
380 3507 427 3579 ad
437 3507 647 3607 explicanda
658 3534 701 3581 ea
712 3509 911 3607 degrediar‚
920 3533 999 3606 quae
1006 3508 1201 3607 plurimum

195 3618 318 3689 Victor
349 3619 396 3692 ad
431 3623 740 3695 sermocinationis
784 3623 999 3720 elegantiam
1039 3622 1202 3694 conferre

196 3730 412 3825 praedicavit.
448 3733 575 3807 Obiter
612 3749 731 3808 tamen
765 3752 800 3814 et
837 3738 969 3808 cursim
1007 3735 1106 3808 hunc
1136 3733 1202 3807 sibi

197 3858 362 3916 constare
376 3863 609 3942 annotemus,
627 3876 741 3947 quum
757 3864 793 3922 et
805 3850 866 3922 hic
885 3865 921 3922 et
938 3850 1024 3924 alias
1040 3848 1204 3946 antiquo·

238 4078 268 4134 1.
293 4080 334 4136 aa
346 4078 496 4156 Fonteiae,
508 4081 606 4158 rata,
620 4085 666 4162 x,
682 4105 709 4160 1,
725 4087 833 4145 tres.
