2738 4928
674 264 894 365 ..Μὸ-

283 429 318 486 et
334 416 388 486 via
407 415 514 486 totins
524 413 621 513 apud
633 413 754 484 Gallos
770 411 954 483 rhetoricae
969 408 1163 508 disciplinae
1179 433 1282 509 repc-

281 541 409 599 temus.
425 531 502 598 Non
517 524 615 623 quod
631 525 819 623 nosfugiat
833 549 907 594 rem
924 549 944 596 a
961 523 1085 621 primis
1103 520 1212 592 initiis
1228 546 1284 592 or·

268 634 368 738 stam,
386 656 476 712 etex
490 644 721 730 Senecarum,
741 637 909 723 Petronii,
925 635 1146 726 Quintiliani,
1158 634 1281 725 Taciti,

282 750 403 839 Plinii,
426 752 585 823 Suetonii
604 766 876 847 ceterorumque
900 747 1139 847 plurimorum
1155 763 1285 821 aucto-

281 858 362 936 'rum
373 865 530 938 sontibus
539 866 746 954 derivatam,
759 890 836 937 eam
848 889 922 935 esse
932 889 1010 961 quae
1019 860 1187 963 praeclare
1198 887 1286 934 con·

280 974 382 1068 fecta,
399 966 1276 1073 multumutilitatisjucunditatisquelegentibusal

280 1084 399 1161 ferret.
413 1089 480 1162 Sed
493 1088 581 1161 milii
593 1116 667 1161 non
683 1088 844 1160 oblivisci
854 1088 933 1160 licet
949 1113 1025 1159 non
1037 1086 1096 1159 hic
1107 1085 1205 1158 aliud
1214 1087 1281 1184 agi,

279 1200 346 1270 nisi
359 1217 415 1293 ut,
430 1227 494 1301 per
505 1201 628 1299 aliqua
638 1202 842 1273 summatim
853 1194 898 1272 de
910 1200 1099 1270 Gallicanae
1113 1198 1285 1270 facundiae

276 1310 426 1387 historia
445 1331 660 1405 memorata,
680 1314 808 1385 melius
827 1314 910 1385 inde
928 1317 968 1384 C.
988 1318 1019 1383 l.
1040 1314 1193 1385 Victoris
1208 1328 1285 1385 tum

279 1425 477 1524 ingenium,
487 1445 563 1499 tnm
577 1427 790 1525 opusculum
804 1426 970 1497 aestimari
978 1427 1101 1525 possit.
1119 1431 1168 1497 Ea
1180 1427 1285 1523 igitur

279 1541 564 1639 praetermittam,
587 1566 666 1639 quae
690 1539 736 1612 de
753 1539 938 1611 Gallorum
965 1538 1056 1611 facili
1082 1539 1285 1636 eloquentia

280 1669 418 1725 veteres
445 1654 629 1746 dixerunt,
655 1677 696 1724 uc
717 1651 856 1724 celebre
882 1650 1113 1722 solummodo
1137 1649 1296 1722 Censorii

280 1766 425 1835 Catonis
452 1762 588 1837 dictum
606 1780 788 1864 repetam,
814 1789 905 1861 quo,
930 1762 1090 1835 Cliarisio
1116 1778 1283 1854 auctore,

279 1874 488 1977 pleramque
514 1878 664 1951 Galliam
682 1877 771 1949 duas
790 1903 846 1948 res
863 1875 1177 1948 industriosissime
1199 1901 1285 1948 con-

280 1992 394 2088 sequi,
422 2017 496 2062 rem
521 1991 711 2063 militarem
730 2004 768 2062 et
787 2005 910 2086 argute
927 1988 1046 2088 loqui,
1067 1988 1281 2088 praedicavit.

280 2098 406 2174 Itidem
425 2104 579 2176 Gallicos
601 2103 680 2174 illos
706 2117 865 2174 oratores
891 2127 932 2173 ac
953 2101 1113 2172 rhetores
1138 2116 1286 2198 praeter-

272 2212 442 2310 mittam,
478 2219 570 2289 inter
604 2242 696 2314 qnos
729 2216 922 2315 praesertim
952 2215 1064 2286 Julius
1096 2216 1222 2287 Florus
1251 2229 1286 2287 et

281 2329 392 2401 Julius
425 2330 611 2401 Secundus
646 2343 681 2399 et
708 2329 887 2400 Domitius
918 2328 997 2399 Afer
1023 2327 1287 2400 annumerandi

281 2455 381 2530 sunt,
411 2457 447 2512 et
483 2442 566 2539 qui,
597 2441 681 2513 inde
715 2441 761 2513 ab
789 2443 935 2537 Augusti
960 2441 1204 2542 temporibus,
1237 2443 1286 2514 ita

282 2577 423 2650 semper
441 2557 560 2625 Romae
576 2568 611 2624 et
628 2555 665 2625 in
685 2555 878 2653 provinciis
898 2556 1145 2643 eminuerunt,
1166 2570 1206 2626 ut
1225 2579 1285 2626 eos

281 2667 385 2737 multi
403 2668 556 2739 Romani
579 2667 769 2766 scriptores
780 2672 798 2763 ¹,
813 2669 913 2739 omni
939 2668 1088 2741 laudum
1110 2669 1286 2767 praedica-

282 2779 380 2852 tione
398 2780 597 2870 extulerint,
617 2795 723 2878 atque
739 2781 920 2853 luvenalis
937 2783 1139 2881 scripserit:

327 2975 429 3040 Gallia
444 2975 619 3040 causidicos
635 2974 743 3039 docuit
759 2974 896 3040 facunda
912 2977 1079 3041 Britannos
1089 2974 1116 3040 ².

329 3167 488 3235 Marcum
509 3161 610 3233 illum
633 3168 789 3260 Aprum,
813 3165 888 3260 qui,
909 3165 946 3235 in
971 3165 1204 3237 celeberrimo
1230 3170 1284 3237 De

267 3277 400 3348 causis·
408 3291 585 3372 corruptae
599 3276 810 3372 eloquentiae
826 3277 983 3373 dialogo,
998 3277 1107 3350 libere
1123 3303 1161 3349 se
1173 3277 1285 3376 proli-

278 3403 376 3461 tetnr
392 3414 528 3461 novum
545 3389 689 3461 dicendi
707 3415 818 3486 genus
835 3393 984 3489 antiquo
1001 3416 1229 3489 praeponere,
1249 3407 1285 3462 et

279 3503 343 3600 qui
359 3528 379 3574 e
394 3502 516 3573 Galliis
528 3503 702 3574 oriundus
718 3503 824 3576 luisse
836 3504 998 3593 traditur,
1011 3504 1128 3576 obiter
1138 3530 1285 3602 quoqne

269 3614 533 3689 tantummodo
564 3615 858 3688 memorabimus.
885 3619 1056 3705 Quinimo
1097 3633 1284 3715 sequentes

280 3752 407 3800 omnes
427 3751 541 3824 usque
564 3727 610 3798 ad
628 3752 663 3796 ιν
693 3729 862 3801 saeculum
888 3730 1074 3803 Gallorum
1100 3745 1285 3802 oratorum

316 3904 350 4003 L
374 3942 494 4014 Senec,
510 3938 649 4013 Quintil,
663 3943 748 4016 Tac,
763 3941 837 4001 Plin.
853 3901 938 4020 lum,
953 3935 1021 4016 etc,
1041 3944 1158 4025 passim.

321 4037 353 4097 2.
379 4033 512 4093 Juvenal.
528 4037 603 4108 Sat„
623 4054 680 4110 xv,
697 4040 767 4095 lll.
