2738 4928
582 374 631 411 a.
657 359 707 432 ap
728 379 786 414 ..32

181 520 413 604 apemernnt,
432 505 624 601 inquiram,
639 528 748 601 quam
759 501 859 600 qnod
878 502 924 574 ad
940 501 1087 575 diffusos
1097 500 1178 574 ubi-

179 639 252 717 que
263 621 303 690 in
321 643 431 719 opere
447 643 513 689 suo
530 618 681 690 rhetoris
697 617 812 689 nostri
828 615 976 688 haustus
993 627 1131 716 spectat
1143 627 1185 688 et-

178 747 276 806 racta
288 734 425 807 attinet.

228 845 331 919 Nunc
355 847 466 942 igitur
479 845 525 918 ad
539 845 724 916 materiam
750 841 946 940 aggrediar,
965 841 1011 914 ah
1031 844 1180 911 Herma·
1236 829 1244 847 ’

179 975 267 1055 gora
282 981 444 1051 exorant,
459 961 541 1058 qui,
560 958 687 1031 ordine
702 972 906 1055 temporum
920 954 1059 1046 habito,
1080 953 1181 1024 Cice-

178 1094 306 1144 ronem
326 1074 525 1146 antecessit.
550 1077 603 1144 De
629 1095 702 1168 quo
734 1072 784 1142 ita
805 1072 918 1142 Maius
944 1065 1181 1140 eruditissima

179 1183 419 1283 disputatione
440 1185 609 1285 scripsit¹,
626 1199 667 1255 ut
690 1183 809 1282 primo
830 1182 925 1253 duos
944 1184 1189 1274 Hermagoras·

179 1295 345 1368 metores
355 1297 597 1392 distingueret,
618 1321 774 1393 quorum
791 1296 910 1366 senior
928 1318 1012 1365 cum
1031 1283 1179 1363 Posido·

180 1409 242 1478 nio
258 1432 381 1480 coram
397 1411 569 1508 Pompeio
588 1432 718 1504 magno
740 1408 857 1478 Rhodi
873 1406 1046 1494 disseruit,
1057 1403 1186 1500 junior

179 1542 268 1591 vem
292 1525 449 1616 Augusto
473 1524 671 1619 imperante
701 1519 843 1610 floruit,
862 1542 904 1589 ac
936 1515 1066 1588 deinde
1095 1519 1182 1586 Her.

178 1655 323 1727 magora
340 1634 479 1705 seniore
504 1635 555 1704 uti
571 1634 751 1704 Victorem
769 1631 940 1721 crederet,
952 1636 996 1701 e'x
1007 1627 1182 1727 ipsorhe*

178 1747 305 1817 torices
330 1747 451 1840 titulo,
484 1748 620 1843 inquo
648 1751 884 1841 Hermagoras
911 1759 993 1815 ante
1025 1742 1179 1813 Tullium

176 1859 335 1955 ponitur.
356 1863 409 1929 Eo
425 1860 562 1932 facilius
587 1884 671 1929 cum
694 1856 874 1955 probabili
891 1842 973 1928 Maii
990 1880 1180 1950 argumen-

177 1971 311 2042 tatione
327 1968 373 2040 de
389 1975 608 2067 Hermagora
620 1970 758 2040 seniore
775 1971 974 2057 consentio,
993 1967 1093 2064 quod
1108 1968 1180 2064 ple·

178 2103 290 2177 raque
302 2083 513 2153 Latinorum
524 2083 738 2178 scriptorum
750 2081 795 2152 de
809 2080 938 2151 eodem
949 2078 1081 2173 judicia
1096 2104 1180 2150 cum

179 2213 222 2263 ea
238 2193 410 2289 opinione
427 2193 661 2289 conspirant,
672 2217 782 2289 quam
801 2192 847 2264 de
862 2190 1182 2286 Hermagoraalle·

177 2318 262 2374 runt
273 2305 425 2376 Victoris
442 2304 645 2376 Rhetorioes
658 2305 776 2392 initia,
793 2304 840 2376 ab
853 2305 947 2375 illius
956 2308 1196 2397 Hermagoran
1299 2363 1310 2383 ,

177 2415 423 2488 oratoriatarte
447 2416 554 2513 plane
582 2430 618 2486 et
646 2417 832 2516 perspicue
861 2416 1060 2513 desumpta.
1092 2413 1193 2488 lnde‘

176 2526 733 2624 confirmaturl'ulliijud-icium’,
748 2530 808 2601 cui
822 2534 1085 2625 «Hermagoras
1098 2529 1192 2600 satis.

177 2626 328 2734 in'arte,
346 2666 458 2739 quam
475 2640 606 2734 edidit,
624 2641 767 2723 videtur
792 2667 836 2712 cx
865 2641 1023 2737 antiquis
1046 2639 1182 2711 artibus
1263 2652 1265 2656 ‘

177 2751 360 2847 ingeniose
388 2767 429 2826 et
451 2753 639 2848 diligenter
666 2754 795 2825 electas
821 2777 878 2824 res
905 2752 1117 2841 collocasse,
1146 2765 1194 2823 et,

177 2864 344 2938 nonnihil
360 2865 437 2964 ipse
453 2884 600 2963 quoque
625 2867 710 2937 novi
734 2865 937 2963 protulisse.
956 2895 973 2931 2>
993 2865 1106 2936 Simul
1121 2888 1183 2936 au·

178 2988 250 3046 tem
263 3000 286 3047 e
296 2978 449 3050 Victoris
465 2978 682 3076 compendio
699 2992 845 3076 apparet
857 2978 957 3074 quod
969 2979 1019 3049 ait
1033 2978 1180 3068 Tullius,

177 3113 308 3186 nempe
319 3095 575 3187 Hermagoram
590 3092 772 3164 rhetorem
783 3092 1045 3190 precipientem
1059 3091 1194 3183 fuisse.

177 3222 258 3298 non
271 3216 464 3296 oratorem,
477 3219 516 3276 et
532 3204 666 3279 idcirco
685 3205 788 3276 facile
799 3219 1101 3277 commonstretur
1117 3227 1182 3274 cur.

178 3314 394 3395 aridissimos
406 3321 632 3412 Hermagorae
643 3317 756 3390 libros
767 3332 893 3390 auctor
908 3317 953 3390 de
970 3318 1095 3392 Causisss
1105 3339 1183 3388 con·

178 3439 291 3524 rupta
308 3428 518 3526 eloquentiae
534 3431 677 3528 optimo?
686 3431 767 3526 jure
783 3430 910 3503 dixerit
923 3433 962 3499 ⁸..

198 3736 200 3740 ³
217 3669 249 3733 1.
272 3664 565 3740 miradal-'rororis
578 3669 969 3740 theodomarum.

208 3755 247 3821 ,2.
272 3755 350 3830 Cict,
361 3759 589 3830 delmaticae,
603 3762 636 3830 Ι,
650 3759 678 3816 6.
764 3783 766 3786 ⁴

217 3843 247 3904 ff.
271 3846 341 3927 Cap.
357 3863 419 3906 mx.
443 3846 487 3908 Cf.
506 3847 543 3908 de
562 3850 749 3927 Hermagora
761 3848 932 3926 Hieronym.
958 3866 1005 3925 ep.
1027 3867 1100 3921 nm,
1127 3849 1177 3907 to.

177 3936 293 4009 Senem,
315 3941 455 4010 Conana,
473 3941 505 4010 1,
526 3942 540 3995 1
565 3951 600 3996 et
612 3939 723 4016 praefat.
739 3937 791 4018 lib.
808 3942 862 3997 111.
882 3937 1003 4012 Quintil.
1017 3940 1072 4010 111,
1089 3940 1126 4009 1,
1143 3939 1179 4011 3,

177 4025 206 4082 t.
226 4024 281 4087 Ed.
297 4027 434 4105 Capper,
449 4045 500 4106 pp.
523 4029 577 4100 60,
598 4030 675 4112 121,
692 4046 775 4106 sqqt,
799 4029 875 4100 tra,
902 4029 981 4098 001,
1003 4028 1080 4098 319,
1104 4024 1179 4099 320,

179 4116 534 4190 tabernam-,otta
647 4121 650 4135 '
760 4117 806 4146 '·
