2738 4928
270 465 324 558 bit
341 498 376 556 et
394 497 528 554 naturae
548 482 718 569 rationes,
743 477 866 551 scribit
881 475 1042 574 quidem,
1063 499 1139 547 non
1156 490 1277 548 tamen

270 595 457 697 epistolam
477 593 622 667 scribit:
647 593 827 692 expressio
847 591 943 662 enim
960 588 1125 687 quaedam
1144 589 1279 662 amoris

271 710 377 782 debet
394 734 470 780 esse
486 706 647 804 epistola,
661 706 863 791 concisa‚et
879 703 924 774 de
942 702 1094 800 simplici
1112 727 1150 773 re
1167 727 1278 801 expo-

271 815 365 911 sitio,
381 834 415 892 et
427 823 462 891 in
481 816 932 916 nominibussimplicibus.
947 814 1180 887 Pulchritudo
1192 836 1279 887 sanc

271 935 381 1034 ipsius
403 948 508 1005 erunt
524 934 618 1003 inter
634 933 768 1004 amicos
785 945 875 1029 aptae
888 928 1084 1019 blanditiae,
1101 943 1137 1000 et
1153 928 1280 1001 crebra

234 1123 240 1135 ‚
271 1045 461 1146 proverbia
477 1045 548 1116 illic
566 1044 718 1135 inclusa,
739 1045 823 1141 quia
841 1042 1014 1141 populare
1035 1040 1211 1139 quiddam
1229 1055 1280 1113 est

155 1156 160 1167 ’
271 1159 505 1257 proverbium
535 1171 571 1228 et
600 1182 825 1228 commune:
855 1157 917 1253 qui
944 1169 1063 1227 autem
1089 1155 1280 1226 sententias

272 1270 358 1360 edit,
385 1284 418 1342 et
442 1270 567 1341 suadet
585 1271 734 1367 aliquid,
756 1295 830 1342 non
855 1271 888 1341 ei
905 1268 1029 1340 similis
1054 1281 1119 1357 est,
1137 1268 1200 1364 qui
1216 1290 1282 1365 per

273 1383 459 1480 epistolam
477 1382 664 1480 loquatur,
684 1382 747 1455 sed
761 1408 825 1482 per
842 1381 1060 1472 machinam.
1078 1379 1280 1452 Aristoteles

272 1519 357 1566 sane
381 1510 417 1566 et
444 1495 812 1568 demonstrationibus
832 1494 1051 1593 quibusdam
1064 1493 1152 1565 locis
1170 1493 1282 1564 utitur

272 1604 505 1703 epistolarum
535 1607 701 1703 propriis.
739 1611 814 1676 Ceu
842 1605 973 1675 docere
999 1602 1150 1693 volens,
1181 1601 1282 1698 quod

273 1716 402 1789 eodem
430 1732 536 1814 pacto
563 1716 666 1789 decet
689 1717 863 1789 beneficia
887 1717 1050 1788 conferre
1073 1717 1110 1787 in
1135 1739 1282 1812 magnas

273 1828 432 1900 civitates
444 1845 479 1900 et
490 1831 528 1900 in
543 1844 684 1927 parvas,
701 1831 840 1928 inquit:
861 1831 947 1902 «Dii
963 1831 1110 1902 enimin
1123 1830 1282 1926 utrisque

273 1941 440 2037 aequales.
477 1946 707 2041 Quapropter
732 1945 815 2041 quia
845 1943 974 2015 Gratiae
1004 1941 1101 2031 deae,
1129 1941 1282 2038 aequales

212 2119 223 2138 ,
277 2057 539 2126 constituentur
562 2080 583 2126 a
607 2070 641 2126 te
658 2056 754 2156 apud
773 2073 955 2154 utrasque.
970 2086 987 2121 ν
1005 2057 1147 2128 Etenim
1164 2057 1282 2152 ipsum

274 2167 374 2266 quod
399 2169 668 2241 demonstratur
692 2169 849 2268 epistolae
875 2169 1191 2244 accommodatum
1213 2183 1279 2257 est,

274 2296 312 2353 et>
322 2281 581 2354 demonstratio
598 2282 674 2353 haec
688 2284 778 2380 ipsa.
793 2284 887 2371 Quia
904 2298 1023 2355 autem
1034 2281 1283 2354 et'civitatibus

274 2390 469 2488 aliquando
495 2409 530 2464 et
559 2393 700 2489 regibus
734 2394 966 2485 scribimus¹,
1004 2396 1076 2465 sint
1105 2418 1192 2466 sane
1228 2391 1283 2466 hae

274 2504 434 2602 epistolae
460 2506 568 2604 paulo
585 2506 749 2577 elatiores
774 2507 896 2604 aliquo
922 2507 1065 2579 modo:
1098 2506 1283 2579 attendere

274 2640 432 2714 namque
453 2634 596 2718 oportet
613 2634 649 2692 ct
663 2643 856 2719 personam
872 2621 932 2692 cui
949 2620 1129 2692 scribitur.
1149 2619 1284 2691 Elatior

272 2732 494 2826 sanehrerit,
514 2760 588 2806 non
606 2749 726 2806 tamen
740 2748 780 2806 ut
791 2735 962 2807 volumen
976 2735 1021 2804 sit
1035 2759 1101 2833 pro
1116 2733 1279 2831 epistola,
1338 2828 1340 2832 Α

275 2846 584 2941 quemadmodum
618 2849 676 2920 illa
708 2849 904 2921 Aristotelis
939 2848 985 2920 ad
1019 2847 1280 2938 Alexandrum,

319 3117 348 3171 l.
370 3115 472 3189 Itaque
485 3112 637 3191 Antipater
649 3113 808 3192 sophistes,
821 3114 910 3173 homo
924 3113 961 3174 ab
975 3114 1103 3193 epistolis
1116 3115 1217 3174 Severi
1232 3115 1286 3173 im·

277 3202 431 3283 praetoris,
446 3202 648 3261 aPhilostrato
662 3204 757 3279 (Soph.
769 3206 830 3276 vir„
845 3204 897 3262 lib.
911 3209 951 3276 11,
967 3224 1031 3283 cap.
1049 3209 1134 3280 xx1v)
1151 3204 1287 3264 laudatur

277 3292 355 3372 quod
365 3292 395 3350 in
404 3292 439 3350 iis
453 3293 563 3352 clarum
574 3293 711 3371 quiddam
722 3294 895 3367 insonuerit,
907 3307 935 3354 et
946 3295 1062 3375 dignam
1073 3295 1205 3375 principe
1219 3315 1287 3374 per·

277 3402 376 3442 sonam
398 3383 528 3461 gesserit.
552 3411 565 3436 α
577 3383 732 3464 Σαφήνειάν
746 3407 775 3443 τε
787 3385 839 3461 γὰρ
854 3383 888 3443 el
902 3384 1033 3462 λεγόμενα
1048 3375 1104 3462 εἶχε
1122 3385 1167 3441 καὶ
1177 3387 1287 3460 γνωμῆς

280 3472 389 3547 μέγεθος
404 3472 450 3532 καλ
464 3473 512 3545 τὴν
528 3475 670 3553 ἑρμήνειαν
686 3479 716 3534 ἐκ
729 3479 783 3534 τῶν
798 3476 936 3556 παρόντων
951 3475 996 3534 καὶ
1009 3472 1053 3542 ξὺν
1065 3476 1148 3553 ἡδονῇ
1163 3474 1194 3531 τὸ
1207 3472 1286 3542 ἀξύν-

279 3564 361 3622 δετον·
374 3562 389 3622 ὃ
400 3562 432 3635 δὴ
441 3561 558 3640 μάλιστα
572 3564 714 3634 ἐπιστολὴν
722 3561 884 3642 λαμπρύνει.
897 3590 911 3616 ν
925 3568 1031 3624 Contra
1041 3577 1137 3622 autem
1148 3565 1287 3643 Aspasius

278 3652 420 3730 sophistes
430 3672 447 3711 a
459 3653 632 3712 Philostrato
645 3653 728 3728 (ibid.
743 3659 783 3728 ΙΙ,
798 3676 911 3727 xxxin,
925 3657 956 3730 3)
970 3652 1195 3732 reprehenditur
1208 3653 1288 3731 quod

281 3741 452 3819 «Παρελθὼν
476 3745 501 3809 ἐς
521 3744 568 3810 τδς
588 3745 736 3822 βασιλείους
755 3743 912 3813 ἐπιστολὰς,
933 3742 981 3812 τδς
1003 3744 1052 3819 μὲν
1072 3745 1288 3822 ἄγωνιστικώτε·

282 3853 326 3912 ρον
334 3836 382 3890 τοῦ
389 3831 491 3897 δέοντος
499 3831 653 3910 ἐπίστελλε,
661 3834 708 3898 τδς
716 3833 772 3893 δὀὐ
782 3839 884 3915 σαφῶς,
894 3824 930 3893 ὧν
940 3835 995 3893 οὐδ’
1005 3833 1020 3892 ἔ
1022 3858 1093 3913 τερον
1104 3835 1211 3914 βασιλεῖ
1222 3835 1289 3912 πρέ-

279 3943 338 3981 πον·
355 3921 527 4002 αὐτοκράτωρ
541 3923 592 4000 γὰρ
603 3921 635 3995 δὴ
644 3922 724 3982 ’ὁπότ’
735 3927 886 3983 ἐπιστέλλοι
896 3973 904 3999 ,
915 3927 944 3982 οὐ
958 3925 996 3982 δεῖ
1011 3923 1216 4000 ἐνθυμημάτων,
1234 3924 1287 3984 οὐδ’

264 4011 509 4091 διαχωρημάτων,
526 4011 595 4072 ἀλλὰ
609 4012 698 4089 δόξης,
711 4015 906 4096 οὐδ’ἀσαφείας,
922 4012 1014 4088 ἐπειδὴ
1030 4015 1123 4091 νόμους
1134 4016 1287 4097 φθέγγεται,

280 4101 411 4184 σαφήνεια
426 4101 579 4184 δ’ἒρμηνιδς
594 4108 687 4183 νόμου,
699 4132 712 4156 ν
