2774 4928
598 328 794 400 ...54-

191 476 485 578 gumentatiouis,
502 474 612 549 finem
628 474 812 572 pervenio.
830 470 974 570 Ubique
986 473 1136 546 enimin
1153 496 1200 546 eo

190 589 431 691 compendio,
449 586 616 661 servilem
627 584 824 684 quamdam
837 586 984 683 antiqua
996 586 1119 660 omnia
1134 609 1201 660 seu

192 704 342 779 moralia
356 727 421 778 seu
437 700 615 773 rhetorica
633 712 810 798 praecepta
827 699 1129 774 consuetudinem
1140 724 1199 772 se·

191 817 342 917 quendi‚
360 816 612 893 immutatione
628 811 726 885 nulla
743 812 924 886 aVictore
937 811 1055 903 allata,
1071 812 1201 911 deprc-

104 990 114 1001 ,
190 930 342 1007 heudac.
371 928 453 1000 Scio
482 925 652 1022 equidem
675 923 880 1020 objecturos
914 949 992 997 esse
1020 923 1200 1022 quosdam

189 1041 452 1118 Cassiodorum-
470 1063 615 1138 nempe,
639 1038 792 1136 exempli
814 1039 940 1134 gratia,
962 1052 999 1110 et
1019 1037 1212 1113 Isidorum·

191 1155 452 1252 llispalensem,
469 1151 554 1225 huic
570 1164 710 1226 tuntum
724 1175 842 1248 operae
859 1150 901 1222 in
915 1148 1093 1223 rhetorica
1110 1175 1201 1224 con·

190 1264 370 1341 trahendo
387 1263 630 1354 subserviisse,
649 1277 690 1336 ut
705 1278 868 1336 veterum
884 1264 1040 1359 vestigiis
1057 1264 1199 1337 insiste·

189 1393 284 1471 rent,
302 1401 421 1474 neque
436 1376 571 1474 diquid
587 1399 661 1473 quo
675 1375 907 1448 christianam
919 1374 1029 1446 fidem
1038 1374 1199 1448 declara·

189 1504 270 1565 rent
283 1488 356 1563 lere
369 1487 553 1585 adjecisse.
566 1486 676 1576 Quod
689 1488 827 1560 etiamsi
841 1512 967 1560 verum
981 1503 1087 1580 esset,
1107 1488 1200 1561 nihil

190 1614 310 1676 tamen
326 1600 398 1672 hoc
414 1600 461 1673 ad
479 1625 557 1672 rem
579 1599 728 1692 faceret,
747 1623 834 1673 num
852 1599 1056 1673 Cassiodori
1077 1614 1113 1671 et
1134 1600 1201 1673 lsi·

188 1712 274 1787 dori
295 1711 388 1785 adeo
416 1711 540 1792 brevia
564 1726 648 1783 sunt
665 1709 861 1785 rhetorices
882 1709 1113 1810 compendia,
1135 1725 1200 1784 aut

188 1826 312 1926 potius
326 1825 483 1923 capitum
502 1848 603 1922 paene
619 1823 826 1914 summaria,
842 1837 881 1894 ut
900 1823 1046 1899 minime
1064 1823 1200 1895 mirum

188 1937 236 2011 sit
258 1950 379 2009 utrum
403 1937 441 2008 in
467 1936 651 2032 utriusque
673 1935 855 2034 opusculis
878 1933 967 2008 nihil
991 1934 1198 2008 offendatur

186 2044 291 2144 quod
307 2044 519 2121 christianos
541 2046 732 2142 scriptores
745 2042 933 2142 significet.
947 2041 1019 2116 Sed
1034 2044 1199 2139 quamvis

188 2157 335 2257 pmcisa
351 2157 423 2228 sint
440 2171 476 2229 et
498 2173 614 2249 curta,
631 2157 764 2256 passim
789 2157 888 2228 iniis
910 2155 1094 2231 christiani
1116 2182 1199 2229 nro·

189 2269 238 2345 ris
259 2270 405 2367 vestigia
426 2268 689 2367 deprehendas.
711 2272 767 2341 Sic
790 2294 905 2368 prope
927 2267 994 2341 sub
1018 2268 1133 2341 mutili
1151 2269 1198 2343 de

190 2381 381 2455 Rhetorica
401 2381 512 2456 libelli
530 2381 654 2475 finem,
674 2383 911 2456 Cassiodorus
933 2384 1198 2457 ¹Fortunatiani

187 2506 366 2593 precepta
390 2492 437 2566 de
459 2496 612 2568 oratoris
629 2497 818 2588 memoria,
837 2495 883 2569 de
901 2496 1198 2596 pronuntiatione

187 2620 230 2679 et
246 2630 337 2680 voce
357 2631 660 2704 commemorans,
683 2610 768 2682 inde
785 2607 1006 2682 monachum
1028 2608 1198 2707 praedicat

186 2743 275 2794 cum
308 2719 427 2820 aliqua
462 2721 613 2797 utilitate
647 2722 902 2816 discessurum,
929 2751 947 2792 r<
974 2722 1123 2820 quando
1149 2722 1205 2796 ad

186 2856 270 2909 suas
292 2847 413 2931 partes
436 2858 512 2908 non
535 2835 702 2934 improbe
722 2836 865 2908 videtur
882 2834 1074 2927 attrahere,
1095 2836 1196 2933 quod

186 2944 351 3023 rhetores
372 2944 420 3017 ad
436 2947 652 3019 exercendas
672 2948 932 3021 controversias
948 2947 1081 3020 utiliter
1097 2962 1197 3047 apta·

187 3071 331 3131 verunt.
352 3087 371 3126 »
400 3057 557 3131 lsidurus
579 3075 701 3133 autem
727 3085 825 3132 nunc
847 3060 1051 3159 apostolum
1079 3060 1197 3134 dicit·

185 3193 516 3268 saepeproponere,
531 3196 725 3262 assumere,
745 3171 961 3245 confirmare
975 3187 1083 3270 atque
1105 3198 1194 3246 con·

185 3280 349 3373 cludere,
363 3309 382 3349 n
397 3307 479 3378 quac
487 3284 634 3381 proprie
647 3285 731 3359 artis
744 3284 937 3358 dialectice
952 3298 1059 3381 atque
1075 3285 1195 3360 rheto-

108 3412 115 3421 ·
185 3394 267 3471 ricae
278 3410 383 3487 suut,
396 3423 414 3462 n
428 3398 541 3468 nunc⁸
555 3425 573 3465 n
587 3397 624 3471 in
637 3399 752 3470 causis
763 3396 1045 3496 majoribus,uhi
1059 3397 1104 3471 de
1113 3403 1192 3473 Deo

184 3507 245 3585 vel
259 3507 450 3606 hominum
471 3509 584 3584 salute
603 3512 801 3605 referimus,
820 3511 900 3610 plus
919 3510 1193 3609 magnificentiae

170 3632 227 3695 -et
243 3619 388 3717 fulgoris
404 3620 647 3698 exhibendum
666 3654 685 3693 »
704 3649 780 3698 esse
797 3624 988 3723 praedicam
1007 3650 1106 3699 nunc
1121 3628 1133 3665 ⁸
1148 3626 1191 3700 li·

217 3823 252 3882 l.
275 3819 403 3884 Cassiod.
420 3840 516 3902 open,
531 3844 561 3903 p.
581 3825 676 3899 1033,
688 3823 741 3888 Ed.
760 3825 839 3885 Petri
852 3827 976 3890 Brustei.

216 3910 254 3970 za.
275 3907 380 3971 isidor.
406 3912 553 3991 0153„st
572 3914 864 3995 llletcrlc.,ctp.1x.

217 3999 256 4068 3.
277 3996 323 4060 td.
336 3997 429 4075 ibid„
440 4020 505 4082 cap.
520 4021 597 4066 ινιτ.

219 4088 252 4147 t.
272 4084 319 4150 Id.
333 4086 418 4165 ibid„
431 4108 497 4170 cup.
513 4110 576 4154 xxx.
