2738 4928
569 360 790 434 —lYl—

175 508 261 582 ricis
277 509 442 580 Eumenii
458 524 493 581 et
508 511 628 585 Pacati
655 525 691 582 et
724 518 925 582 ceterorum
945 509 1182 603 dictionibus,

176 623 253 696 sive
267 647 288 692 e
300 621 487 723 permultis
497 622 642 693 Ausonii
656 637 690 692 et
700 623 905 719 Symmachi
915 647 1066 723 operum
1078 622 1182 717 locis,

176 734 253 807 sive
264 758 284 807 e
297 735 422 806 ceteris
435 733 603 806 omnibus
613 734 803 807 Gallicanae
822 734 995 819 facundiae
1011 735 1182 833 reliquiis,

176 871 306 923 eorum
325 861 489 920 auctores
504 846 735 919 libentissime
756 847 958 938 rhetoricis,
981 846 1185 920 subtilibus·

178 986 251 1061 que
264 960 345 1061 plus
361 987 465 1059 aequo
482 962 709 1059 ingeniorum
728 959 863 1032 deliciis
880 959 1068 1032 indulsisse
1094 985 1183 1031 con-

177 1086 262 1147 stat.
281 1078 446 1163 Quorum
462 1073 572 1146 facilis
589 1091 623 1147 et
637 1074 855 1146 creberrimo
869 1100 934 1144 usu
950 1072 1186 1145 corroborata

178 1188 355 1265 memoria
377 1187 573 1283 efficiebat,
594 1202 729 1260 utnon
751 1186 868 1258 solum
890 1188 1187 1286 panegyricarum

178 1292 305 1373 earum
336 1298 597 1394 adulationum,
623 1300 753 1398 quibus
786 1315 977 1398 praesentes
1008 1300 1187 1399 principes

180 1404 454 1507 coadunabant,
473 1413 682 1487 ambitiosos
695 1415 864 1487 circuitus
882 1428 917 1486 et
929 1412 1097 1511 ambages
1113 1403 1188 1485 mess

179 1527 331 1599 moriter
347 1528 547 1620 recitarent,
565 1528 626 1600 sed
649 1529 757 1600 etiam
774 1543 812 1600 ut
828 1526 1088 1628 extemporales
1106 1549 1187 1596 ora·

180 1638 315 1732 tiones,
335 1641 366 1711 si
386 1640 530 1733 liberet,
549 1666 569 1712 e
593 1641 755 1737 diligenti
779 1666 900 1712 rerum
921 1640 1188 1737 verborumque

182 1750 432 1823 recordatione
456 1768 720 1852 expromerent.
744 1754 801 1824 Sic
821 1753 1006 1850 juvenem,
1026 1758 1189 1849 Burgun-
1270 1838 1275 1848 ,

182 1861 329 1934 dionem
360 1865 533 1956 nomine,
568 1864 718 1962 dignum
757 1867 907 1937 omnino
941 1865 1046 1937 luisse
1079 1887 1190 1961 quem

181 1974 427 2073 plausibilibus
453 1980 565 2050 Roma
596 1978 731 2049 foveret
758 1979 851 2050 ulnis
880 1978 1070 2050 Sidonius¹
1085 1974 1187 2066 dicit,

184 2112 330 2187 quoquc
347 2091 529 2182 recitante,
549 2091 755 2192 crepitantis
772 2091 928 2162 Athenaei
944 2088 1110 2162 subsellia
1126 2112 1190 2159 cu·

181 2216 288 2273 neata
299 2216 546 2298 quaterentur,
558 2203 659 2300 quod
673 2227 756 2274 eum
768 2202 1016 2274 decentissime
1029 2223 1191 2299 pronun·

182 2314 347 2405 dantem,
374 2340 454 2412 quae
486 2316 633 2413 quidem
666 2317 855 2415 scripserat
884 2312 1187 2412 extemporaliter,

184 2425 454 2499 admirabantur
464 2427 645 2521 benevoli,
661 2426 884 2499 mirabantur
898 2425 1055 2525 superbi,
1072 2449 1191 2497 mom·

181 2537 317 2619 bantur
331 2542 447 2641 periti.
470 2542 607 2630 Quibus
623 2543 659 2613 in
674 2542 912 2613 litteratorum
931 2540 1085 2630 circulis,
1100 2565 1190 2640 prae·

184 2668 238 2726 ter
255 2654 421 2727 vivorum
440 2655 630 2729 hominurn
650 2657 880 2755 panegyricas
891 2654 1193 2744 collaudationes,

184 2766 366 2849 interdurn
395 2768 648 2840 defunctorum
677 2769 862 2859 virorum,
898 2769 1001 2839 sicuti
1033 2770 1073 2838 C.
1107 2764 1190 2838 Julii

185 2880 342 2974 Caesaris,
368 2896 403 2952 et
423 2897 625 2954 ceterorum
653 2885 715 2979 qui
739 2880 968 2952 celeberrima
987 2879 1190 2952 rhetoribus

184 2993 393 3090 praebebant
411 2997 582 3088 themata,
600 2997 744 3088 laudes,
764 2996 911 3069 Sidonio
932 2996 1063 3067 eodem
1078 3009 1188 3086 teste,

186 3106 630 3181 consonabant.lllateriae¹
642 3125 761 3181 autern
769 3134 859 3207 quas
868 3133 965 3202 vera,
979 3122 1014 3179 et
1026 3109 1062 3179 in
1074 3109 1192 3209 campi

187 3218 460 3320 quodammodo
483 3222 668 3321 pulverem
694 3222 925 3320 proferenda,
945 3220 1012 3293 sibi
1030 3219 1194 3297 servabat

187 3330 404 3428 eloquentia,
418 3336 505 3432 quid
522 3335 618 3406 aliud
635 3360 712 3406 esse
731 3349 910 3435 poterant,
924 3359 1032 3431 quam
1047 3347 1107 3404 aut
1123 3331 1193 3402 hu-

188 3441 290 3515 miles
305 3447 455 3517 omnino
468 3448 701 3546 vulgaresque
713 3471 839 3536 causae,
851 3461 926 3535 aut,
941 3447 970 3516 si
982 3445 1072 3516 sorte
1084 3443 1192 3542 paulo

190 3556 354 3629 elatiores
390 3573 528 3650 essent,
563 3558 630 3631 illae
659 3557 704 3628 de
738 3557 868 3655 qulbus
899 3583 1013 3657 nuper
1044 3556 1195 3654 loquen-

190 3683 259 3742 tem
286 3670 515 3744 induximus³
539 3671 756 3743 Ausonium*
763 3727 773 3765 ,
798 3696 949 3769 quaeque
978 3695 1039 3742 seu
1071 3694 1195 3742 coram

228 3883 259 3941 l.
283 3879 384 3940 Sidon.
396 3880 537 3959 Apollin.‚
553 3881 646 3954 Epist.
660 3883 718 3953 tx,
737 3899 799 3939 xxv.

149 4026 154 4037 ,
229 3969 1036 4049 2.Ἶίἆορ.ἳ5;ρ.33-34;ρ.56-58;ρ.69;ρ.85.
1151 4048 1154 4053 Ι

231 4059 486 4140 3.videp.ttt.
543 4122 547 4129 ,

230 4153 261 4208 l.
286 4152 395 4212 huson.
412 4148 579 4226 Professor.,
594 4155 633 4222 V,
650 4153 755 4211 13-18.
