2738 4928
581 309 777 386 ..76-

177 463 385 564 spectaculis
398 479 460 537 aut
475 466 661 555 conviviis,
678 479 741 537 aut
757 462 819 536 ubi
832 462 979 534 minime
992 461 1177 553 convenit,

161 563 379 651 'doctrinam
403 591 512 676 atque
539 577 744 650 facundiam
770 575 975 669 venditant,
1007 589 1071 648 aut
1086 600 1182 647 rem·

177 689 360 790 publicam
377 707 557 791 strepunt,
579 718 624 765 ex
641 691 799 790 abrupto
815 706 853 763 et
867 692 944 763 sine
963 688 1035 762 ulla
1050 689 1182 762 oratio·

177 802 233 875 nis
244 804 455 876 transitione
463 804 510 876 ad
524 806 693 903 exiguum
701 805 770 876 hoc
783 816 1001 903 praeccptum
1013 799 1181 899 degredi,

178 942 253 1016 quo
281 918 428 989 minime
457 935 624 1019 oportere
653 919 701 991 ait
721 923 731 957 ¹
770 916 816 989 de
843 915 977 1016 poculo
1007 915 1045 986 in
1079 939 1185 991 men·

179 1055 255 1102 sam
273 1030 464 1124 instillare,
483 1032 597 1131 'idque
621 1028 770 1130 digitulo
790 1032 963 1106 diducere
984 1030 1021 1102 in
1043 1029 1183 1102 lineas?

179 1146 357 1215 Nasonem
368 1145 442 1216 scio
450 1146 630 1244 scripsisse
639 1145 684 1216 de
693 1145 824 1217 milite:
842 1143 988 1240 «Pingit
1003 1157 1039 1215 et
1054 1143 1184 1239 exiguo

181 1259 352 1353 Pergama
365 1272 440 1330 tota
456 1284 570 1331 mero.
584 1290 602 1326 »
613 1257 830 1331 Haeceadem
845 1281 960 1356 prope
976 1255 1099 1356 lepido
1108 1281 1186 1327 car·

180 1369 278 1441 mine
301 1371 479 1444 Tibullum
496 1377 507 1410 ¹
522 1373 735 1471 expressisse
763 1371 888 1444 fateor.
912 1367 983 1441 Sed
1007 1382 1187 1466 quantum

180 1492 246 1555 su'o
270 1481 354 1556 loco
381 1499 417 1557 et
441 1499 604 1585 tempore
631 1485 708 1556 haee
731 1483 777 1556 ab
807 1498 962 1581 utroque
982 1480 1076 1554 dicta
1101 1494 1188 1554 sunt

180 1610 309 1693 poeta,
330 1622 452 1669 nonne
471 1611 544 1669 tam
566 1597 814 1697 intempestive
830 1612 866 1667 et
878 1594 1011 1667 insulse
1027 1619 1074 1667 ne
1090 1593 1187 1666 simi·

181 1708 228 1782 lia
256 1709 404 1801 fierent,
423 1711 483 1782 hic
510 1712 705 1783 minutiora
721 1723 951 1800 consectans,
983 1710 1105 1780 Victor
1124 1707 1187 1780 ad·

182 1823 345 1895 monuit?
362 1828 421 1916 dt,
441 1825 596 1921 inquies,
614 1824 724 1895 nimia
749 1848 833 1894 eum
853 1821 1040 1894 severitate
1067 1845 1208 1920 repre.

182 1933 328 2025 bendis‚
360 1935 493 2009 oblitus
520 1937 621 2033 quod
647 1937 784 2027 dixisti,
815 1935 949 2007 scilicet
968 1932 1072 2026 illius
1095 1957 1190 2032 opus

179 2048 322 2143 juvenis
332 2048 517 2144 cujusdam
532 2049 682 2122 studiosi
691 2049 800 2144 gratia
816 2047 1016 2120 videriesse
1033 2046 1186 2138 facturn3

182 2160 338 2259 ideoque
351 2163 388 2234 in
407 2162 468 2235 illo
488 2163 586 2235 haud
612 2161 766 2235 absurde
783 2161 914 2233 inserta
928 2185 1007 2233 esse
1022 2159 1189 2257 quaedam

184 2296 279 2371 qnae,
299 2277 460 2372 quamvis
476 2276 639 2373 vulgata,
659 2300 734 2347 non
751 2273 925 2345 inutiliter
940 2272 1126 2345 incautum
1147 2296 1190 2346 ac

183 2388 339 2458 tironem
364 2387 629 2460 adolescentem
649 2387 836 2459 docerent.
860 2390 933 2484 Ego
957 2400 1079 2458 autem
1111 2410 1189 2458 res·

184 2497 376 2595 pondeb0,
394 2524 600 2597 quanquam
613 2498 685 2571 boc
703 2521 812 2598 opus,
833 2497 880 2570 ad
894 2499 1068 2598 inexperti
1081 2497 1190 2571 disci-

184 2611 262 2708 puli
270 2612 508 2709 ignorantiam
517 2612 930 2705 accommodatum,non
940 2611 1071 2694 eodem
1081 2610 1193 2685 veluti

186 2726 348 2797 examine
366 2725 644 2825 ponderandum
664 2727 707 2800 sit
733 2741 840 2823 atque
860 2724 1132 2798 eminentissimi
1153 2739 1203 2798 et.

186 2840 337 2910 omnino
366 2839 484 2912 viriles
514 2841 699 2912 Ciceronis
731 2854 767 2912 et
795 2837 1007 2927 Quintiliani
1036 2836 1082 2908 de
1115 2836 1190 2911 elo·

186 2953 334 3047 quentia
350 2951 451 3041 libri,
476 2951 641 3024 debuisse
658 2967 777 3025 tamen
798 2951 905 3047 hujus
926 2967 1113 3025 auctorem
1134 2975 1191 3024 se·

187 3063 317 3134 veriori
342 3064 379 3135 in
412 3065 674 3163 componendis
701 3064 808 3137 rebus
839 3065 1002 3138 adhibita
1028 3066 1188 3156 ratione,

188 3199 263 3247 non
291 3191 440 3268 temere,
478 3179 512 3247 in
543 3177 716 3248 dissoluto
748 3178 897 3249 nimium
931 3177 1191 3250 sententiarum

187 3290 328 3389 ordine,
345 3291 501 3389 disparia
509 3289 711 3388 disparibus
725 3291 884 3364 miscere.
903 3297 946 3363 Et
962 3315 1006 3363 eo
1023 3291 1192 3363 libentius

187 3404 354 3504 impellor·
370 3421 409 3477 ut
426 3405 700 3503 inaequalitatem
719 3407 823 3478 istam
843 3407 880 3478 in
897 3404 1088 3479 scribendo
1110 3408 1193 3480 Vic-

188 3521 258 3590 tori
273 3520 360 3591 vitio
378 3535 533 3608 vertam,
558 3518 659 3618 quod
682 3519 720 3590 in
735 3518 862 3591 eadem
879 3544 918 3590 re
941 3519 1075 3591 Tullius
1088 3519 1194 3615 juve·

189 3654 290 3718 nem,
310 3629 401 3702 sicut
415 3631 558 3702 videtur
574 3631 698 3703 fecisse
714 3631 856 3725 Victor,
876 3657 989 3729 quum
1007 3632 1193 3730 praeceptia

189 3741 396 3828 instrueret,
414 3743 509 3815 hanc
525 3769 646 3816 rerum
662 3745 940 3818 inconstantiam
957 3759 993 3818 et
1005 3744 1193 3820 molestam

191 3853 430 3926 diversitatem
439 3857 614 3953 effugerit.

230 4009 259 4066 l.
284 4009 314 4066 C.
334 4011 361 4065 J.
379 4007 467 4080 vict„
481 4029 543 4088 cap.
563 4031 649 4086 xxvr,
663 4030 693 4090 p.
711 4014 781 4070 123.

231 4103 261 4157 2.
281 4095 387 4157 Tibull.
403 4101 487 4177 Eleg.
502 4102 534 4173 1,
549 4119 586 4172 x,
602 4103 704 4163 31³2.
