2738 4928
588 336 637 365 .·-
663 298 804 382 e··---·

182 459 332 532 forsitan
340 463 492 560 posteris
507 448 795 534 tradere-liceret.
816 460 888 532 Sed
904 476 1100 558 utcumque
1111 458 1189 533 baec

181 596 223 645 se·
244 574 421 666 babeant,
449 576 555 647 brevi
577 576 650 648 illa·
664 589 702 646 et
722 576 930 647 summatim
952 564 1112 672 exposita
1141 575 1194 647 de·

181 689 361 758 sermonis
380 677 554 786 dignitate
575 703 610 761 et
630 713 716 778 osu,
736 712 852 784 usque
874 687 920 758 ed
942 689 1096 758 Victoris
1111 702 1192 759 eta·

182 813 272 889 tem,
289 803 604 893 matisconensi,
624 817 659 874 et
673 801 860 900 paululum
880 826 901 872 a
918 803 1106 899 proposito
1123 801 1190 876 de·

179 915 309 1008 gressi,
329 914 402 985 huc
414 915 623 993 redeamus.
659 928 662 932 ’
763 934 767 943 ·
961 935 963 938 ‘
1177 932 1178 937 ’

231 1028 303 1114 Qut
329 1043 525 1126 postquam
545 1025 812 1105 sermocinandi
839 1026 1018 1098 rationem
1044 1050 1118 1097 non
1147 1027 1186 1097 in

180 1141 369 1237 postremis
396 1141 601 1215 habendam
628 1132 724 1230 esse,
752 1155 788 1210 et
808 1136 915 1234 hojus
939 1163 1041 1209 usum
1071 1139 1189 1211 multo

179 1268 257 1322 esse
293 1253 574 1352 lircqnerrtiorem
605 1277 714 1350 quam
748 1253 901 1323 oratoris
940 1252 1052 1342 dixit,
1083 1246 1202 1327 latius

184 1363 319 1434 deinde
332 1365 380 1437 ed
396 1365 556 1460 ejusdem
582 1380 618 1436 et
633 1367 832 1437 virtuteset
859 1365 943 1435 vitia
968 1364 1190 1460 designanda

184 1477 456 1571 transgreditur.
485 1482 657 1575 Repetere
680 1479 843 1576 profecto
866 1479 991 1548 inutile
1014 1494 1067 1549 est
1089 1504 1187 1576 quae-

179 1611 338 1684 eumque
361 1589 413 1660 de·
426 1591 531 1661 tertia
545 1591 607 1662 ille
620 1592 754 1688 cepitis
777 1591 823 1663 ad
847 1594 1188 1665 sermocinationem

180 1700 363 1770 attinentis
376 1716 481 1798 parte
489 1703 671 1799 professos
683 1718 738 1774 est
750 1719 872 1776 noster
886 1705 970 1802 (qua
985 1720 1102 1776 totum
1114 1706 1189 1778 lere

178 1827 288 1910 capnt
311 1815 539 1904 continetur,
565 1831 601 1887 et
627 1841 740 1913 quem
766 1817 923 1914 legentes
950 1843 1058 1916 supra
1088 1833 1187 1890 tran-

179 1926 369 2024 scriptam,
396 1928 426 1998 si
452 1927 581 2018 libent,
602 1929 816 2026 revolvant).
847 1930 917 2001 Sed
942 1955 1018 2001 nou
1035 1956 1186 2028 possum

178 2039 268 2134 q'oin
284 2039 567 2113 animadvertam
584 2044 772 2114 contreriis
790 2043 856 2114 sibi
875 2043 1064 2115 virtutibus
1081 2060 1117 2115 et
1132 2045 1187 2115 vi·

182 2152 244 2222 tiis
273 2153 413 2224 tertiam
440 2153 545 2225 beno·
568 2170 708 2252 partem
731 2156 934 2252 insignitam
960 2180 1049 2227 esse.
1074 2162 1120 2228 Ut
1148 2157 1188 2228 iu

181 2266 283 2336 omni
300 2265 374 2336 lere
390 2267 512 2364 operis
526 2290 653 2356 cursu,
673 2268 723 2338 sic
733 2269 910 2365 praecipue
926 2269 963 2338 in
982 2293 1026 2339 eo
1045 2269 1186 2367 capite,

180 2400 256 2448 non
284 2377 403 2449 mous
420 2400 518 2456 sano
536 2386 572 2449 et'
587 2380 809 2477 incorrupto,
835 2396 871 2452 et
891 2382 964 2452 suis
990 2384 1185 2480 praesertim

181 2489 405 2588 temporibus
434 2490 635 2562 admirabili
647 2491 806 2588 judicio,
827 2495 867 2563 in
891 2495 1029 2590 singula
1050 2495 1185 2565 descri-

181 2601 304 2674 bendo
319 2604 445 2676 ¹Victor
459 2603 618 2695 excellit,
637 2629 747 2701 quam
764 2607 1008 2701 inconjuncta
1025 2607 1093 2677 alia
1109 2607 1187 2678 aliis

181 2716 427 2788 consociando
444 2717 788 2814 antiquisrbetorum
798 2719 1018 2815 principibus
1036 2719 1186 2789 inferior

183 2843 248 2900 est.
270 2830 365 2901 Nlbil
380 2832 478 2902 enim
500 2857 615 2936 prope
637 2833 673 2902 in
698 2833 740 2902 iis
757 2830 924 2902 omnibus
947 2857 1025 2928 qnae
1046 2831 1091 2902 de
1110 2849 1185 2904 ser·'

183 2938 431 3010 mocinatioue·
448 2941 587 3038 scripsit
603 2940 774 3037 reperias,
796 2939 894 3037 quod
914 2965 988 3010 non
1007 2963 1133 3011 verum
1149 2956 1185 3015 et

183 3072 446 3149 nonnunquam
465 3054 581 3124 etiam
593 3051 720 3124 subtile
736 3054 798 3144 sit;
818 3053 882 3124 sed
902 3056 948 3125 ita
965 3079 1049 3125 eum
1073 3057 1186 3127 maxi-

180 3161 430 3251 misminima,
450 3188 533 3234 cum
555 3163 725 3259 gravibus
744 3164 855 3254 levia,
875 3189 960 3235 cum
978 3166 1081 3236 novis
1103 3165 1183 3236 vul·

180 3289 259 3370 gato
276 3291 311 3348 ct
327 3276 412 3346 tritu-
426 3291 461 3346 at
478 3275 651 3365 obsoleta,
668 3291 703 3347 et
719 3277 893 3373 puerilem
912 3278 1062 3347 omnino
1081 3277 1185 3346 disci·

180 3387 315 3484 plioatn
339 3387 539 3458 redolentia
558 3403 733 3484 praecepta
756 3388 1018 3473 immiscentur,
1045 3400 1084 3453 ut
1107 3410 1183 3454 non

180 3502 264 3571 setis
288 3500 457 3573 admirari
481 3522 592 3594 queas
616 3522 689 3594 quo
714 3511 821 3593 pacto
849 3496 946 3566 idem
967 3496 1081 3565 homo
1108 3510 1183 3567 tam

179 3612 321 3693 diversa
338 3612 646 3708 conglutinaverit.
673 3615 807 3706 Atque,
829 3625 867 3679 ut
884 3609 1048 3706 exemplo
1065 3611 1152 3706 pros
1168 3651 1191 3672 ψ.

179 3728 384 3799 nendo-uno
402 3739 597 3798 contentas·
609 3727 678 3796 sim
692 3725 824 3821 (cetera
842 3725 938 3794 enim
956 3723 1056 3794 lacile
1070 3724 1184 3798 lector

179 3863 288 3938 supra
300 3842 447 3938 repetita
462 3866 529 3938 pro
540 3839 687 3913 arbitrio
704 3837 1004 3938 suooomplebit),
1016 3840 1095 3936 quis
1105 3865 1182 3911 non

177 3975 269 4049 aegre
296 3956 475 4026 Victorem
499 3955 822 4052 lerat,;postquam
847 3953 1040 4031 salsissimo
1065 3953 1183 4025 seculi

177 4067 234 4137 sui
251 4069 415 4140 convicio
425 4070 566 4167 ineptos
578 4069 663 4138 istos
671 4066 837 4140 immines
851 4067 1098 4168 reprehendit,
1119 4066 1183 4162 qui
