2738 4928
638 348 835 424 ..ι-10..

240 519 307 577 aut
320 502 446 574 Titiani
463 501 499 570 in
522 501 678 573 oratoria
695 514 770 572 arte
786 502 883 593 leges
901 493 1242 568 accommodaverim

241 621 401 712 Namque
417 613 733 685 difficillimumcst
750 614 795 708 (si
816 609 927 682 modo
943 633 1002 680 res
1016 628 1245 704 quacumque

240 728 298 799 via
309 727 385 798 fieri
402 725 529 824 possit)
540 726 640 796 locos
653 727 689 797 in
699 725 854 797 Victoris
863 722 957 792 libro
968 741 1242 815 recognoscere,

241 864 334 937 quos
350 839 408 909 ille
421 862 442 909 a
457 837 571 909 tribus
590 837 634 908 iis
655 861 763 936 supra
781 836 974 907 nominatis
990 832 1137 905 dicendi
1152 830 1246 902 doo—

241 950 379 1023 torihus
400 964 578 1048 acceptos,
605 948 652 1020 ad
674 974 766 1047 opus
783 973 890 1020 suum
913 945 1089 1020 adhibuit.
1108 947 1246 1016 Contra

242 1077 361 1162 autem
388 1062 550 1158 dignosci
576 1062 798 1159 aliquatenus
824 1074 942 1160 potest
971 1059 1059 1156 quid
1087 1056 1247 1143 utilitatis

240 1198 317 1251 non
346 1175 465 1246 solum
495 1199 517 1246 a
547 1175 720 1247 Cicerone
752 1190 787 1245 et
819 1173 1056 1261 Quintiliano,
1088 1192 1247 1266 quorum

241 1311 352 1385 opera
376 1300 525 1378 exstant,
548 1286 611 1357 sed
624 1288 738 1358 etiam
750 1285 797 1358 ab
816 1291 1037 1380 Hermagora
1053 1283 1132 1380 ipso
1149 1296 1246 1353 retn-

239 1400 332 1490 lerit,
357 1399 444 1470 licet·
464 1392 610 1493 genuini
637 1399 683 1471 ab
711 1424 755 1471 eo
781 1398 826 1469 de
853 1398 1031 1468 rhetorica
1056 1393 1249 1490 compositi

238 1513 321 1585 libri
335 1513 644 1615 perieriut3Tanta
659 1514 756 1584 enim
769 1511 961 1609 disciplinae
975 1510 1070 1580 fama
1084 1507 1248 1579 excelluit

241 1629 541 1719 Herm-agoras„et
553 1623 656 1694 toties
674 1624 720 1695 ab
737 1623 905 1695 omnibus
923 1620 1128 1693 rhetoribus
1145 1620 1248 1690 lati·

241 1735 297 1812 nis
309 1735 404 1807 illius
418 1738 454 1806 in
469 1749 612 1806 oratore
627 1735 816 1806 edocendo
828 1735 918 1807 ratio
936 1747 1103 1805 revocata
1121 1746 1187 1820 est,
1207 1745 1248 1803 ut

240 1848 313 1920 fere
329 1849 494 1921 universa
508 1853 734 1944 Hermagorae
751 1848 915 1920 doctrina
933 1847 1121 1918 instaurari
1138 1845 1248 1916 alteo

239 1976 378 2059 posset,
397 1961 460 2058 qui
479 1975 643 2032 accurate
664 1975 795 2033 cuncta
814 1975 976 2032 veterum
992 1957 1196 2029 testimonia
1211 1970 1249 2028 et

241 2070 416 2166 digereret
434 2085 469 2142 et
487 2070 696 2166 dijudicaret
723 2088 757 2143 et
782 2071 883 2169 quasi
908 2072 945 2141 in
970 2094 1103 2168 corpus
1132 2091 1253 2138 unum

240 2183 479 2257 contraheret.
493 2183 601 2270 Quod
612 2185 641 2256 si
656 2185 735 2282 quis
747 2184 925 2256 rhetorica
937 2182 1070 2282 passim
1079 2185 1128 2253 M.
1143 2179 1250 2252 Tullii·

241 2318 351 2392 opera
368 2318 411 2366 ac
433 2299 628 2392 praesertim
646 2295 922 2372 delnventione
938 2294 1113 2393 juveniles
1135 2292 1249 2364 libros

241 2406 379 2497 adierit,
398 2407 428 2478 si
446 2405 578 2478 multos
593 2420 763 2504 practerea
780 2433 823 2478 ex
839 2407 1062 2494 Quintiliano
1079 2421 1114 2478 et
1129 2407 1250 2476 mino·

240 2519 339 2602 ribus
360 2519 569 2616 artigraphis
594 2544 616 2590 a
639 2519 777 2591 Pithoeo
801 2502 959 2592 collectis
984 2520 1084 2592 locos
1107 2519 1247 2613 adjece-

240 2634 299 2719 rit,
322 2633 352 2702 si
369 2657 486 2729 neque
510 2633 725 2722 Cassiodori,
747 2657 865 2731 neque
881 2632 1008 2706 lsidori
1030 2629 1249 2728 Hispalensis

211 2791 215 2800 ,
241 2744 436 2817 rhetorices
447 2746 667 2843 compendia
679 2743 884 2843 neglexerit,
903 2747 932 2816 si
948 2744 1124 2842 imprimis
1134 2741 1250 2837 jejuni

241 2853 446 2952 licetatque
463 2855 614 2926 omnino
634 2856 821 2950 exsanguis
838 2854 991 2926 rhetoris
1008 2852 1101 2948 illius
1117 2848 1250 2948 princi·

241 2966 302 3063 pia
311 2981 551 3064 perscrutatus
568 2967 646 3058 erit,
661 2992 740 3062 quae
757 2966 847 3037 falso
863 2964 1011 3062 quidem
1024 2965 1117 3034 Divo
1131 2965 1249 3033 Aure·
1305 3053 1310 3065 ‚

242 3077 292 3149 lio
305 3079 500 3175 Augustino
513 3077 690 3177 adscripta
706 3093 807 3172 sunt,
824 3078 889 3150 sed
905 3103 984 3175 quae
996 3076 1160 3174 profecto
1172 3089 1256 3152 tota·

243 3193 492 3287 Hermagorcae
517 3191 663 3262 rationis
692 3215 858 3289 saporem
887 3205 921 3262 et
952 3203 1095 3285 gustum
1126 3209 1250 3282 quem·

244 3304 328 3377 dam
346 3304 521 3395 redolent,
540 3306 568 3376 is
586 3329 795 3402 persuasum
812 3304 879 3375 sibi
890 3302 1035 3375 habebit
1054 3300 1252 3397 disciplina

244 3417 404 3514 ejusdem
429 3417 636 3515 reparandae
657 3416 903 3488 difficultatem
925 3441 1001 3488 nou
1020 3417 1149 3486 frustra
1169 3438 1252 3485 sus·

244 3543 388 3628 ceptum
400 3532 456 3601 iri.
473 3535 552 3602 Non
567 3530 735 3626 equidem
750 3531 788 3601 in
804 3529 865 3601 illa
878 3527 1050 3601 solvenda
1064 3526 1249 3599 elaborare

243 3644 361 3734 volui,
371 3644 435 3714 sed
448 3668 490 3714 ex
504 3644 546 3715 iis
562 3642 796 3739 scriptoribus
813 3667 907 3738 quos
922 3639 1035 3713 modo
1051 3639 1265 3734 memoravi.

245 3755 284 3826 id
299 3770 454 3843 tantum,
472 3756 501 3826 si
517 3755 618 3826 locus
632 3755 710 3842 erit,
730 3755 912 3850 arripiam,
931 3752 1031 3850 quod
1047 3751 1093 3828 ab
1104 3755 1252 3822 Herma

245 3892 340 3964 gorae
351 3866 450 3937 libris
466 3868 503 3937 in
516 3868 666 3938 Victoris
684 3865 909 3938 Rhetoricam
923 3865 1125 3964 profectum
1136 3864 1251 3934 mani-

246 3979 332 4051 feste
346 3978 566 4051 ostendatur.
587 3980 715 4051 Itidem
728 4004 802 4051 non
820 3978 917 4050 aliud
935 3976 1251 4077 apuduherrimos

246 4093 458 4192 cloquentiae
475 4093 610 4185 fontes,
631 4117 723 4192 quos
745 4093 902 4191 posteris-
916 4090 1052 4179 Tullius
1066 4104 1105 4162 et
1120 4088 1250 4160 Fabius
