2738 4928
421 839 601 932 CAPUT
634 845 737 936 lV.⁴
800 944 803 949 ,

133 1229 158 1311 S
171 1234 202 1288 l.
217 1229 356 1289 Omnium
370 1249 435 1308 quae
449 1249 537 1310 supra
550 1228 677 1290 diximus
689 1230 779 1295 breve
792 1240 994 1305 summarium.

108 1527 170 1599 llla
182 1528 226 1598 sit
238 1527 340 1598 tertia
350 1539 384 1596 et
401 1525 524 1597 ultima
542 1527 761 1622 generalium
777 1533 1063 1637 conclusionum,

58 1666 148 1740 quas
169 1641 277 1712 tertiae
297 1639 416 1738 operis
432 1640 546 1710 nostri
563 1642 676 1738 parti,
701 1642 747 1714 de
769 1650 1068 1729 sermocinatione

58 1779 100 1826 ac
119 1753 165 1825 de
185 1753 343 1852 epistolis
363 1752 557 1841 inchoatae,
585 1753 846 1850 subjunximus.
875 1762 968 1834 Nihil
991 1768 1067 1862 Jam

58 1868 164 1940 nobis
182 1867 448 1939 conficiendum
465 1880 644 1963 superest,
672 1882 710 1938 ut
735 1871 938 1946 universam
964 1880 1070 1956 nobis

58 1982 273 2054 destinatam
308 1979 588 2076 disputationem
622 1979 899 2077 absolverimus,
930 1989 997 2061 nisi
1030 2010 1071 2068 ut

58 2119 178 2194 quam,
200 2093 406 2164 brevissime
439 2092 560 2163 omnia
595 2089 797 2189 repetamus
814 2111 849 2167 et
865 2107 1069 2180 summatim

57 2208 280 2306 colligamus,
296 2207 426 2305 quibus
442 2223 517 2279 tum
534 2207 697 2304 quaedam
716 2211 851 2306 praelati
876 2240 999 2290 sumus
1022 2222 1069 2295 de

58 2325 216 2411 Victore,
228 2337 306 2392 tum
315 2337 387 2392 tres
394 2320 558 2419 opusculi
571 2320 663 2392 illius
673 2336 791 2418 partes
801 2324 1065 2424 explicavimus.

57 2440 139 2508 Haec
156 2436 304 2534 quidem
321 2436 387 2507 erit
400 2450 526 2531 quarta
539 2448 574 2505 et
588 2434 714 2506 ultima
730 2436 806 2540 ejus
816 2438 891 2535 jam
902 2466 1069 2539 praenun-

59 2550 144 2619 tiata
161 2572 256 2646 pars,
536 2539 540 2549 ’

105 2661 226 2730 Totius
261 2657 379 2756 operis
411 2655 525 2727 nostri
551 2656 675 2746 initio,
705 2656 858 2732 diximus
880 2668 1068 2760 quomodo

58 2774 216 2869 primum
249 2772 286 2841 in
322 2770 438 2841 lucem
466 2784 557 2841 esset
584 2771 700 2842 editus
731 2773 880 2844 Victoris
907 2776 1009 2870 liber,
1032 2797 1068 2854 et

56 2883 187 2982 quibus
206 2884 252 2954 de
270 2885 383 2955 causis
402 2882 565 2981 q'uaedam
583 2882 630 2954 ad
650 2883 749 2955 hunc
765 2887 966 2982 attinentia,
985 2909 1068 2990 post

56 2998 336 3069 eruditissimum
355 2999 472 3068 virum
488 2996 639 3088 Maium,
659 2995 841 3095 disputare
863 3025 938 3073 non
960 3005 1066 3080 nobis

56 3113 181 3184 inutile
199 3112 390 3184 videretur.
412 3110 551 3182 Deinde
566 3111 698 3182 Maium
718 3114 846 3206 secuti,
862 3115 1073 3213 probabiles

56 3224 279 3321 conjecturas
294 3224 339 3294 de
354 3221 505 3295 rhetoris
521 3226 636 3295 nostri
650 3224 778 3320 patria,
794 3227 917 3323 stirpe,
936 3254 1012 3302 aevo
1030 3251 1067 3309 et

55 3336 200 3407 vivendi
218 3361 346 3433 genere
361 3335 558 3406 retulimus.
580 3339 725 3424 Postea,
746 3360 788 3405 ex
808 3337 967 3431 ejusdem
982 3364 1065 3415 auc·

57 3450 196 3520 toritate
215 3451 263 3520 ita
280 3449 325 3519 de
341 3446 545 3519 rhetoribus
556 3470 712 3543 quorum
729 3445 797 3516 sibi
813 3464 989 3548 praecepta
1005 3477 1065 3526 as-

56 3563 205 3661 sumpsit
221 3563 344 3634 Victor
359 3560 470 3632 locuti
485 3583 630 3650 sumus,
655 3574 695 3629 ut
715 3583 829 3658 pauca
852 3558 898 3631 de
922 3565 1062 3659 Aquilio

56 3691 116 3747 aut
140 3675 258 3772 potius
286 3672 432 3771 Aquila,
465 3672 511 3744 de
532 3676 813 3763 Marcomanno,
840 3671 886 3742 de
912 3675 1061 3752 Tatiano

56 3803 114 3860 aut
137 3789 257 3886 potius
280 3787 444 3879 Titian0,
472 3808 514 3856 ac
539 3784 584 3855 de
605 3787 824 3877 Hermagora
845 3780 1059 3866 diceremus.
1147 3868 1150 3872 ,

55 3904 266 3975 Ciceronem
283 3925 368 3973 vero
382 3914 418 3970 et
427 3896 699 3986 Quintilianum,
711 3920 802 3991 quos
815 3899 939 3995 magis,
952 3926 1062 3997 quam

56 4031 193 4089 ceteros
209 4014 289 4086 illos
306 4010 450 4085 dicendi
467 4010 672 4107 magistros,
684 4012 725 4080 C.
736 4007 850 4082 Julius
865 4008 991 4084 Victor
1005 4040 1060 4087 se·

890 4170 891 4173 ,
901 4127 940 4184 10
