2738 4928
564 272 785 344 -ttt-

176 421 310 510 movit,
331 443 448 517 neque
461 417 533 491 lere
545 417 640 490 aliud
659 418 751 512 fecit,
770 443 892 515 quam,
911 419 1054 516 vulgata
1070 416 1179 506 maai·

176 557 320 605 morum
333 531 476 604 dicendi
486 547 673 629 auctorum
685 546 860 630 praecepta
873 530 1078 624 referendo,
1094 527 1182 601 nihil

176 670 218 717 ex
230 646 272 717 iis
283 661 439 735 mutare,
457 643 545 716 nihil
556 670 669 744 prope
686 669 837 732 novare,
856 645 947 716 nihil
957 641 1183 742 interpretari

177 774 213 831 et
236 758 281 831 ad
304 758 492 856 aequalium
510 783 658 829 suorum
674 758 934 856 eloquentiam,
959 757 1183 854 aliquatenus

177 870 427 969 approbatam,
444 871 733 962 accommodare,
744 871 878 943 idcireo
889 875 930 943 C.
940 868 1023 942 lulli
1030 866 1184 957 Victoris

168 981 268 1054 'liber
284 1009 413 1082 parum
428 983 608 1080 dignitatis
625 1009 666 1057 ac
684 985 869 1083 ponderis,
888 985 982 1055 inter
996 981 1050 1054 sui
1067 980 1133 1053 aevi
1151 993 1185 1051 et

178 1097 358 1193 sequentis
369 1095 479 1166 aetatis
491 1095 685 1192 eloquendi
695 1111 945 1200 praeceptores,
956 1094 1126 1166 habuisse
1136 1090 1186 1162 di·

179 1209 315 1281 cendus
337 1223 402 1280 est.
431 1208 516 1279 ldeo
538 1224 612 1279 tam
634 1235 801 1307 parvam,
819 1235 866 1283 ne
882 1208 1022 1297 dicam,
1051 1205 1186 1278 nullam

179 1323 345 1414 omnine,
364 1321 612 1393 auctoritatem
626 1322 717 1394 liber
733 1324 797 1395 iste
814 1323 1021 1413 rhetorices,
1043 1323 1085 1390 C.
1106 1317 1186 1389 lulii

179 1435 332 1507 Victoris
346 1433 494 1504 nomine
512 1434 716 1534 inscriptus,
736 1436 909 1527 obtinuit,
931 1449 970 1506 ut
992 1448 1045 1504 tot
1062 1429 1187 1504 saecula

180 1549 323 1645 ignotus
335 1547 371 1618 in
381 1546 681 1620 bibliothecarum
692 1551 840 1649 pulvere
852 1548 1022 1646 jacuerit3
1035 1569 1104 1617 nee
1118 1544 1187 1615 lere

180 1660 371 1757 quisquam
398 1657 495 1755 apud
517 1660 685 1756 antiquos
707 1660 886 1746 rhetores,
911 1680 1020 1753 quem
1042 1653 1187 1750 quidem

180 1773 409 1860 noverimus,
426 1786 553 1868 praeter
570 1773 757 1865 Rufinum,
778 1774 823 1844 de
836 1773 979 1844 Victore
1005 1767 1068 1839 illo
1092 1791 1189 1839 men·

181 1888 318 1957 tionem
350 1883 467 1957 obiter
493 1886 606 1958 facere
639 1887 804 1984 dignatus
836 1888 893 1957 sit.
929 1889 1055 1955 Noster
1084 1881 1189 1977 igitur

181 1998 321 2088 rhetor,
342 1997 424 2093 quia
443 2022 525 2069 eum
542 2000 683 2072 Gallum
699 2003 803 2072 fuisse
818 1997 1007 2070 verisimile
1024 2009 1099 2083 est,
1116 2015 1188 2064 non

183 2111 445 2209 quadamtenus
469 2137 551 2183 cum
579 2112 721 2185 Gallicis
744 2111 946 2186 rhetoribus
968 2106 1189 2181 consensisse

183 2246 258 2291 non
282 2234 420 2319 potest3
451 2223 535 2319 quia
557 2238 677 2294 autem
705 2223 762 2294 vel
786 2222 978 2321 imprimis,
1002 2216 1060 2289 vel
1085 2216 1188 2286 unice

185 2332 371 2404 etidcirco
388 2333 530 2424 frustra,
549 2336 803 2428 Ciceronianus
821 2335 905 2423 luit,
924 2333 971 2405 ab
985 2329 1114 2402 iisdem
1131 2351 1189 2398 ne·

185 2445 352 2534 cessario,
373 2445 410 2515 in
429 2444 548 2517 multis
565 2447 698 2544 ingenii
716 2447 860 2520 dotibus
883 2471 925 2518 ac
944 2433 1071 2542 judicii
1087 2441 1189 2513 ratio·

186 2556 308 2651 nibus,
328 2556 492 2631 dissensit
508 2561 700 2634 incassum.
