2738 4928
569 322 792 397 -tet-

177 486 368 571 praecepta,
387 497 466 569 quae
484 472 617 544 deinde
635 471 779 543 dicendi
787 473 972 567 magister,
987 487 1054 544 ‚aut
1065 473 1185 547 inali-

177 611 252 681 quo
270 610 290 657 e
306 586 499 682 gymnasiis
509 611 587 683 quae
599 601 684 661 tunc
698 585 795 683 apud
808 586 929 657 Gallos
939 584 1187 658 llorehautox·

175 697 353 796 planaret,
373 714 435 772 aut
452 725 543 796 quae,
564 698 701 770 alumni
727 699 913 794 eujusdam
937 725 1080 776 summo
1098 699 1186 770 tom

177 811 248 882 orti
258 826 332 883 ..aut
358 808 665 909 etiam-principis
695 813 823 908 gratia,
848 813 1010 884 eruditus
1035 813 1186 883 omnim

178 921 308 994 doctor
317 924 399 995 vivo
412 948 480 995 -ore
498 924 674 995 dilataret.
690 926 754 994 Cui
765 927 827 1021 qui
839 924 1045 1023 suspicandi
1058 924 1189 997 rationi

177 1038 443 1136 suffragaretur,
453 1042 483 1111 is
498 1040 582 1112 inde
593 1041 803 1137 intelligeret
817 1067 883 1112 eur
899 1042 990 1112 adeo
1000 1066 1129 1141 pauca,
1140 1064 1189 1112 ne

177 1151 309 1238 dicam,
329 1152 443 1240 nulla,
463 1168 668 1248 temporum
686 1180 835 1223 suorum
852 1156 1006 1250 propriae
1018 1155 1190 1250 eloquen-

179 1265 235 1337 tiae
242 1265 401 1358 vestigia,
416 1265 452 1335 iu
463 1289 572 1360 opere
581 1289 646 1334 suo
658 1265 865 1360 consignata
873 1266 996 1336 Victor
1007 1266 1190 1336 memoriae

179 1375 379 1448 tradiderit.
406 1381 572 1472 Namque
599 1402 711 1473 quum
743 1377 781 1448 id
814 1403 905 1474 opus
929 1376 1188 1449 tantummodo

180 1503 348 1583 congesta
366 1489 561 1581 contineat,
582 1514 660 1584 quae
687 1490 834 1560 fortasse
858 1489 1077 1561 Gallicorum
1096 1489 1188 1561 alio·

179 1626 261 1671 rum
276 1626 390 1690 more,
406 1617 528 1673 noster
545 1627 564 1672 e
582 1601 729 1671 diversis
743 1602 946 1672 rhetoribus
959 1626 1000 1673 ac
1011 1604 1189 1701 praecipue

179 1713 293 1784 Tullio
310 1729 345 1786 et
358 1718 405 1785 M.
425 1715 536 1786 Fabio
556 1730 789 1812 excerpserat,
809 1742 926 1812 neque
944 1716 1001 1787 vel
1027 1718 1063 1786 in
1089 1717 1188 1812 cogi·

181 1827 316 1897 tatione
333 1826 390 1897 vel
404 1827 562 1916 dictione
573 1829 766 1925 quicquam
779 1853 892 1925 prope
906 1829 1018 1925 quod,
1034 1854 1075 1899 ex
1086 1854 1191 1925 pecu·

180 1937 258 2008 liari
269 1965 333 2010 suo
349 1941 493 2035 ingenio
506 1940 767 2039 deprompserit
773 1941 1067 2031 ,habeat‚Victor
1079 1968 1190 2040 prop·

180 2062 276 2121 terea
289 2051 326 2122 id
339 2054 412 2125 lere
425 2079 602 2151 nusquam
614 2056 650 2125 in
665 2056 787 2126 animo
798 2055 966 2126 habuisse
975 2055 1045 2125 dici
1055 2069 1186 2152 potest,

180 2177 220 2234 ut
239 2164 404 2260 quaedam
415 2169 514 2237 omui
530 2184 686 2265 exparte
701 2167 919 2239 didascalico
937 2182 973 2238 et
989 2167 1070 2237 exili
1088 2167 1191 2264 operi

180 2300 247 2346 suo
267 2293 444 2376 praecepta
462 2295 497 2350 et
512 2281 674 2376 exempla
695 2282 878 2369 insereret,
892 2306 969 2376 quae
984 2280 1141 2351 vividam
1155 2294 1191 2351 et

180 2389 357 2461 sinceram
382 2393 447 2468 aevi
473 2394 527 2462 sui
554 2393 766 2489 eloquentiae
793 2393 947 2489 effigiem
967 2395 1117 2490 posteris
1136 2417 1190 2465 re·

179 2499 398 2600 linquerent.
419 2510 494 2602 Ego
513 2521 646 2595 autem,
668 2522 797 2576 utnon
816 2507 966 2577 omnino
981 2507 1085 2577 istam
1104 2530 1190 2577 con·

177 2615 325 2710 jecturae
354 2619 532 2690 rationem
562 2619 805 2716 repellendam
837 2644 913 2690 esse
941 2618 1112 2706 arbitror,
1142 2619 1191 2689 ita

183 2728 290 2825 plane
307 2734 348 2800 C.
368 2731 500 2801 lulium
518 2731 701 2802 'Victorem
716 2730 894 2802 affirmare
914 2732 1048 2822 ausim,
1070 2732 1189 2803 sinon

182 2843 579 2916 omniuoscholasticus
592 2844 703 2917 homo
715 2845 836 2915 fuisset
843 2899 853 2934 ‚
866 2870 933 2915 nec
950 2843 1083 2914 inutilis
1091 2844 1190 2914 Cice·

182 2958 341 3029 ronianae
355 2974 458 3030 sectae
472 2959 602 3048 fautor,
618 2961 654 3029 in
667 2958 848 3029 umbratili
858 2973 1033 3056 perpetuo
1044 2957 1191 3029 vivendi

186 3095 316 3166 genere
334 3070 560 3168 obscuraque
579 3072 744 3143 oratoriae
761 3071 955 3168 disciplinae
971 3071 1192 3167 professione

183 3185 441 3272 consenuisset,
462 3184 621 3254 futurum
639 3185 744 3254 luisse
767 3201 804 3254 ut
824 3185 1064 3281 frequentiora
1081 3184 1192 3255 aetatis

183 3321 254 3367 suae
267 3311 452 3367 oratorum
463 3313 496 3368 et
511 3298 722 3394 eloquentiae
736 3297 881 3386 indicia,
894 3299 1000 3368 etiam
1016 3299 1051 3366 in
1066 3297 1192 3391 jejuno

185 3408 382 3479 Rhetoricae
393 3411 480 3480 Artis
493 3409 726 3508 compendi0‚
741 3411 938 3507 sparsisset.
950 3407 1058 3494 Quod
1070 3409 1099 3478 si
1116 3432 1192 3479 non

183 3520 414 3616 neglexisset,
446 3523 621 3593 evenisset
649 3521 810 3617 prolecto
847 3536 886 3591 ut
916 3520 1068 3590 Victoris
1101 3519 1193 3590 liber

184 3634 317 3723 utilius,
336 3659 446 3731 quam
461 3660 576 3728 nuuc,
592 3650 627 3706 et
643 3635 864 3733 panegyricis
879 3632 1100 3705 Gallicorum
1114 3655 1194 3703 ora·

184 3760 306 3817 torum
338 3747 575 3839 dictionibus,
602 3763 637 3818 et
660 3749 766 3819 variis
792 3747 939 3819 Ausonii
967 3744 1137 3842 operibus
1178 3756 1195 3817 t

186 3862 231 3944 Q.
255 3859 384 3931 Aurelii
402 3861 605 3956 Symmachi
619 3862 776 3957 epistolis
794 3877 830 3932 et
846 3865 886 3943 C.
909 3859 1046 3930 Sidonii
1063 3768 1197 3955 Apr*

185 3973 282 4045 naris
299 3989 334 4045 et
350 3975 507 4046 Eunodii
521 3974 753 4045 miscellaneis
771 3974 892 4065 libris,
907 3988 942 4045 et
956 3972 1082 4044 ceteris
1098 3985 1193 4042 cete·

186 4110 309 4158 rorum
322 4089 552 4181 testimoniis,
567 4088 672 4184 adjici
685 4088 873 4186 potuisset,
894 4102 935 4161 ut
944 4110 1078 4159 novam
1093 4081 1196 4180 quasi
