2738 4928
670 343 878 427 222„

281 493 511 573 rationalium
526 492 655 582 locos¹,
674 513 750 562 non
767 487 887 583 magni
903 483 1085 583 generales
1097 506 1156 555 eas
1168 481 1288 559 theses

263 611 265 616 ’
283 587 398 687 lacere
414 605 591 691 videatur,
602 625 692 701 quas
709 605 944 694 Hermagoras
960 597 1081 672 senior
1098 595 1143 691 (is
1155 619 1288 694 nempe

282 744 391 818 quem
420 716 594 815 sequitur)
621 714 667 788 ad
693 712 908 785 rhetoricam
929 711 1108 811 pertinere
1132 707 1285 800 dixerat,

282 856 396 929 quum
407 845 534 911 contra
541 829 676 925 junior,
696 824 918 912 Quintiliano
930 836 1167 916 memorante,
1181 844 1288 918 nega·

282 944 410 1018 verat?
433 943 503 1031 Qui
528 941 568 1014 fit
588 955 628 1013 ut
645 940 682 1011 in
700 938 906 1036 gravissima
924 961 982 1026 re,
1006 936 1036 1007 si
1051 959 1127 1005 non
1145 936 1288 1032 penitus

284 1055 481 1146 dissentiat,
513 1069 552 1129 at
575 1067 671 1126 certe
694 1052 918 1149 aliquatenus
943 1049 989 1120 ab
1013 1047 1206 1147 exemplari
1220 1073 1287 1139 suo

283 1169 423 1243 seniore
439 1173 659 1263 Hermagora
676 1165 864 1236 discedat?
883 1169 1024 1235 Fatetur
1041 1162 1188 1260 quidem
1204 1162 1287 1233 Vic-

284 1293 342 1359 lor
357 1295 496 1352 rectum
514 1303 590 1350 csse
606 1279 643 1350 in
659 1300 877 1374 unaquaque
893 1299 1000 1349 causa
1012 1275 1124 1346 ordiri
1144 1300 1165 1347 a
1181 1299 1288 1371 gene·

283 1392 416 1467 salibus
428 1387 695 1489 quaestionibus,
709 1404 744 1460 et
753 1388 799 1461 ab
809 1390 850 1460 iis
863 1388 1036 1484 gradatim
1046 1388 1093 1459 ad
1102 1387 1286 1486 speciales,

283 1503 321 1577 id
338 1519 404 1595 cst,
419 1503 467 1576 ad
483 1526 596 1576 causae
613 1503 776 1601 proprias
792 1500 1023 1601 descendere.
1040 1531 1057 1566 κ
1068 1499 1287 1573 Intuendum

283 1628 404 1695 tamen
415 1630 480 1706 est,
493 1616 622 1711 inquit,
637 1640 683 1686 ne
699 1615 805 1711 nimis
815 1614 1051 1689 immoremur
1063 1611 1288 1708 generalibus

284 1727 558 1826 quaestionibus,
592 1726 655 1799 sed
683 1727 899 1825 praecipuam
925 1726 1217 1823 congressionem
1241 1725 1289 1812 ad

185 1919 188 1924 ,
278 1865 399 1927 causae
410 1842 572 1939 proprias
584 1839 1172 1939 conferamusspecies.Disputatio
1191 1839 1289 1916 enim

284 1953 503 2049 generalium
521 1951 618 2049 apud
638 1953 777 2024 animos
793 1952 957 2048 judicum
982 1950 1196 2050 praeparabit
1211 1967 1289 2024 tan·

284 2063 475 2141 lummodo
485 2062 637 2152 aditum,
653 2079 691 2134 ut
700 2063 810 2159 tnagis
820 2062 1035 2162 persuadere
1046 2062 1160 2159 possis
1174 2086 1289 2159 quum

284 2171 331 2254 de
344 2171 556 2273 specialibus
567 2170 826 2268 disputabis...
844 2171 917 2240 Etsi
928 2168 1111 2266 generales
1123 2169 1290 2243 nonnihil

283 2299 449 2382 prosunt,
464 2284 533 2356 nisi
547 2298 667 2355 tamen
686 2308 770 2359 cum
784 2306 924 2358 summa
934 2282 1107 2354 industria
1118 2281 1289 2381 speciales

285 2394 417 2473 fuerint
439 2395 640 2485 elaboratae,
664 2395 794 2500 frustra
814 2396 859 2468 sit
875 2397 912 2468 in
935 2395 1160 2494 generalibus
1178 2421 1290 2495 opera

285 2522 550 2605 consumpta.»
1061 2589 1065 2596 ,
1196 2531 1200 2535 ·

304 2685 306 2687 ,
333 2623 409 2716 Ego
437 2634 558 2691 autem
585 2639 794 2716 quanquam
825 2643 901 2690 non
927 2617 1058 2692 infitias
1089 2646 1133 2692 eo
1164 2622 1289 2695 omnia

280 2728 361 2831 baec
389 2746 484 2804 recte
510 2754 531 2803 a
553 2733 697 2804 Victore
722 2756 798 2803 esse
823 2731 1032 2830 disceptata,
1063 2758 1143 2804 vere
1166 2748 1288 2807 tamen

277 2843 376 2932 mibi
392 2844 514 2917 videre
531 2843 658 2917 uideor
673 2844 719 2916 ab
736 2870 780 2916 eo
797 2849 1053 2942 Hermagoreas
1073 2843 1192 2918 theses
1214 2847 1288 2919 sive

286 2955 1288 3056 infinitasquaestiones‚pretiiminoris,quamaCicerone

281 3082 322 3151 et
331 3069 568 3159 Quintiliano,
584 3069 761 3140 aestimari.
778 3071 922 3141 Frustra
936 3071 1034 3141 eninr
1052 3069 1145 3141 dicet
1161 3070 1288 3167 aliquis

286 3182 833 3280 HermagoramaTulliojuvene
845 3183 881 3253 in
892 3183 1011 3281 primo
1022 3171 1067 3255 de
1077 3183 1289 3265 Inventione

277 3293 379 3379 „libro
396 3321 471 3367 esse
488 3295 757 3397 reprehensum,
778 3295 875 3392 quod
894 3297 1077 3368 materiam
1093 3295 1288 3367 rhetorices

282 3406 323 3493 iu
338 3407 455 3487 theses
472 3424 507 3485 et
522 3432 645 3487 causas
657 3408 825 3485 diviserit.
840 3413 921 3480 Haec
934 3409 1081 3507 quidem
1096 3408 1146 3479 ibi
1163 3409 1288 3480 Cicero

279 3522 448 3623 scripsit:
465 3552 481 3587 ι(
496 3526 665 3603 ’sarisam
675 3546 751 3604 esse
763 3521 848 3593 dicit
856 3527 1092 3619 Hermagoras
1104 3546 1193 3610 rem,
1209 3547 1289 3618 quae

276 3631 415 3719 ,habeat
437 3635 474 3707 iu
498 3660 535 3707 se
563 3636 844 3709 controversiam
874 3637 911 3707 in
945 3633 1099 3710 dicendo
1131 3637 1288 3733 positam

279 3767 369 3848 'curn
393 3770 628 3845 personarum
654 3763 831 3821 certarum
854 3749 1148 3850 interpositione3
1177 3773 1288 3845 quam

325 4031 354 4086 1.
378 4029 409 4086 e.
422 4029 450 4084 r.
463 4025 552 4098 viee,
567 3992 631 4105 ca'p.
648 4048 694 4100 n,
708 4025 778 4108 gt,
794 4049 824 4107 p.
842 4032 946 4118 fer-es.

325 4125 356 4183 2.
377 4121 436 4182 Cic.
456 4124 493 4178 de
509 4125 680 4200 Inventione,
695 4127 726 4196 1,
741 4127 775 4188 6.,
