2738 4928
674 307 725 323 -
750 256 821 342 4¹22
846 308 895 322 —

285 423 464 524 ordinem,
482 434 522 492 ut
533 420 690 519 primum
704 419 888 518 staphylio
901 419 1049 507 rhetori,
1064 411 1283 511 civirluscio,

285 536 416 609 deinde
439 535 565 631 Crispo
590 547 625 604 et
649 530 804 623 Urbic0,
830 533 1068 630 grammaticis
1096 532 1229 604 Latinis
1252 545 1287 603 et

284 648 428 737 Graecis,
448 661 571 746 postea
585 643 757 737 Victoria,
777 640 986 716 subductori
1002 645 1076 716 sive
1093 642 1286 743 proscholo

283 762 400 835 dicata
418 761 581 859 quaedam
596 760 753 831 vicissim
769 777 1030 858 expromerem.
1051 762 1128 830 lam
1143 759 1192 830 ad
1206 761 1288 830 Sta·

283 874 669 974 phylium¹·veniamns
685 900 696 942 :
1025 898 1028 902 ·

329 1028 541 1094 Grammatice
569 1026 610 1091 ad
631 1027 783 1091 Scaurum
808 1041 902 1113 atque
928 1025 1086 1104 Probum,
1116 1023 1309 1112 promptis,

374 1133 548 1196 Historiam
566 1131 683 1196 callens
701 1131 782 1195 Livii
800 1146 832 1196 et
850 1129 1019 1195 Herodoti.
1061 1127 1152 1216 [sime
1168 1129 1288 1208 rhetor,

329 1238 440 1302 Omnis
460 1235 612 1301 doctrinae
630 1238 712 1300 ratio
730 1236 791 1299 tibi
808 1237 938 1326 cognita
955 1257 963 1298 :
981 1249 1133 1322 quantam

374 1339 492 1404 Condit
512 1343 667 1406 sexcentis
684 1341 788 1404 Varro
804 1338 1032 1403 voluminibus.

329 1444 436 1506 Aurea
454 1466 562 1525 mens,
579 1468 643 1507 vox
664 1441 763 1507 suada
779 1442 857 1523 tibi,
874 1458 945 1505 tum
961 1463 1065 1505 sermo
1081 1440 1226 1529 quietus3

375 1548 443 1612 Nec
459 1564 625 1612 cunctator
640 1571 725 1630 eras,
744 1570 804 1610 nec
819 1561 1010 1636 properante
1030 1568 1122 1610 sono.

270 1762 274 1771 ,
336 1689 501 1787 Crispum
518 1705 554 1761 et
577 1691 748 1763 Urbicum
768 1693 900 1791 impete
919 1690 1048 1762 eodem
1069 1688 1193 1761 solitos
1218 1713 1290 1761 esse

257 1882 260 1887 p
286 1826 395 1901 prosa
415 1818 450 1873 et
464 1828 569 1873 versu
589 1803 687 1900 loqui
712 1805 889 1876 Ausonius
907 1803 1032 1892 dicit¹,
1054 1803 1102 1873 ita
1123 1818 1165 1873 ut
1185 1800 1289 1873 fando

289 1929 326 1986 et
341 1913 484 1986 dulcem
504 1915 766 2011 Plistheniden,
787 1933 822 1989 et
843 1914 1011 1988 torrentis
1032 1915 1190 1987 Dulichii
1210 1915 1286 1985 nin·

289 2025 397 2121 guida
419 2027 533 2119 dicta,
559 2043 594 2099 et
622 2029 762 2102 mellitae
791 2045 933 2102 nectare
957 2030 1054 2102 vocis
1081 2029 1201 2102 dulcia
1223 2027 1291 2101 fatu

166 2220 170 2231 ¹
289 2139 398 2210 verba
416 2156 605 2212 canentem
625 2146 772 2213 Nestora
789 2169 911 2241 regem
930 2141 1117 2216 referrent.

334 2282 441 2346 Ambo
459 2283 547 2370 loqui
563 2283 685 2365 faciles,
705 2286 802 2350 ambo
821 2286 929 2350 omnia
945 2287 1089 2350 carmina
1106 2284 1214 2368 docti,

379 2385 536 2450 Callentes
551 2389 816 2477 mythoplasmata
836 2406 868 2455 et
884 2391 1062 2456 historiam.

335 2488 441 2552 Liberi
457 2505 489 2553 et
509 2491 605 2554 ambo
622 2516 736 2582 genus,
758 2495 813 2559 sed
832 2519 911 2584 qnos
927 2496 1076 2560 meruisse
1091 2493 1221 2560 deceret

384 2593 494 2675 Nasci,
515 2610 550 2657 ut
565 2594 707 2660 cluerent
723 2600 865 2688 patribus
880 2600 1038 2688 ingenuis.

344 2738 492 2812 Victorii
509 2741 673 2837 tandem,
699 2744 758 2817 cui
775 2745 846 2816 hoc
865 2746 1008 2817 initium
1024 2743 1195 2817 carminis
1210 2767 1300 2817 cou-

296 2853 410 2909 secrat
428 2865 436 2908 :

384 2967 507 3030 Victori
523 2965 680 3047 studiose,
697 2990 833 3049 memor,
852 2968 947 3053 celer,
964 2968 1116 3058 ignoratis

430 3068 565 3134 Assidue
583 3072 617 3132 in
632 3070 738 3152 libris,
756 3095 816 3136 nec
831 3073 891 3135 nisi
905 3089 1016 3161 operta
1030 3072 1140 3163 legens

298 3217 404 3287 nimis
421 3215 583 3288 abstrusa
601 3217 717 3291 studia
735 3222 840 3292 fuisse
858 3236 978 3294 narrat
993 3223 1209 3314 Ausonius⁸3
1223 3246 1302 3319 quae

297 3330 367 3423 illi,
387 3346 426 3403 ut
443 3332 510 3425 ait,
532 3347 619 3405 nota
636 3334 756 3432 potius
772 3349 885 3429 erant,

346 3527 612 3544 ........
638 3500 734 3567 qnam
750 3481 887 3562 Tullius,
905 3497 938 3545 et
955 3481 1048 3544 Maro
1065 3482 1184 3564 nostri,

386 3585 428 3649 Et
445 3583 597 3672 quicquid
612 3585 701 3648 Latia
717 3585 865 3650 conditur
880 3586 1022 3650 historia.

274 3748 287 3773 ·.
320 3739 323 3745 ·
348 3714 457 3802 Quod
468 3715 498 3786 si
512 3741 556 3786 ex
569 3716 611 3787 iis
624 3716 771 3807 Ausonii
789 3715 990 3811 fragmentis
1004 3715 1190 3813 generales
1200 3740 1306 3815 quus·

255 3875 268 3899 ⁶
340 3891 369 3947 1.
392 3891 501 3945 Auson.
519 3879 687 3962 Professor,
701 3891 784 3960 xxi,
807 3892 887 3950 r-rs.

342 3986 371 4041 a.
397 3980 456 4053 1d.‚
472 3979 558 4051 rara,
576 3979 679 4054 xrm,
695 3983 800 4042 ra-au

342 4077 372 4134 a.
397 4071 787 4148 1d.,z·btd.,xxl11,t-tt.
