2738 4928
683 377 732 392 ....
757 333 805 408 36
831 376 879 391 .-

276 489 368 560 ratio
398 487 641 586 excepissent3
676 501 739 559 aut
766 483 1024 586 pronuntiandi
1054 486 1282 560 consuetudo

275 599 447 702 paulatim
475 615 556 698 post
590 598 850 686 Quintilianum
878 597 945 669 sub
980 607 1128 671 externo
1161 600 1284 672 Galliae

276 714 367 786 coelo
382 713 567 784 immutata
577 727 666 802 erat,
682 713 719 782 in
735 737 776 784 ea
793 713 938 807 regione
953 712 1053 808 cujus
1069 713 1155 785 olim
1167 729 1284 812 poetae

276 824 402 898 sedulo
416 823 663 898 acarminihus
677 825 749 895 suis
763 825 924 895 hiulcum
938 850 1085 897 omnem
1101 828 1283 899 vocalium

276 961 494 1010 concursum
514 951 616 1007 erant
633 937 797 1028 vitaturi3
829 947 891 1008 aut
912 936 1066 1035 denique
1089 939 1284 1012 immodica

275 1044 336 1117 illa
358 1069 441 1142 erga
459 1044 582 1116 solutae
604 1045 777 1116 orationis
798 1044 992 1117 dictionem
1017 1049 1202 1119 severitate
1226 1049 1283 1118 in·-

277 1156 406 1230 ductus
431 1172 484 1229 est
509 1158 648 1247 Victor,
673 1183 745 1253 qua
771 1172 853 1255 post
882 1159 1067 1255 Virgilium
1095 1185 1208 1256 usque
1236 1160 1284 1232 ad

276 1270 463 1341 Claudiani
475 1284 625 1361 aetatem,
643 1294 769 1342 omnes
784 1295 899 1369 prope
914 1287 1027 1370 poetae
1044 1273 1192 1371 impulsi
1201 1288 1284 1345 sunt

277 1397 316 1453 ut
342 1383 515 1480 rigidius,
544 1407 655 1481 quam
685 1385 761 1483 ipse
789 1385 915 1470 Maro,
940 1383 1135 1457 hexametri
1160 1411 1293 1457 versus

276 1495 472 1595 compedes
485 1496 663 1594 quosdam
673 1511 855 1570 servarent
870 1511 906 1569 et
922 1499 1100 1571 vocalium
1110 1500 1145 1570 in
1159 1500 1284 1598 primis

276 1609 442 1681 elisiones
457 1609 668 1706 effugerent.
1120 1627 1123 1633 '

317 1726 575 1820 ‚Quaecumque
590 1738 677 1795 vero
696 1725 786 1797 ratio
814 1726 983 1798 adversus
1005 1725 1109 1797 Tullii
1133 1727 1295 1798 auctoru>

276 1849 386 1906 tatem
403 1835 581 1909 Gallicum
595 1850 760 1909 nostrum
776 1837 957 1911 rhetorem
973 1841 1202 1937 persuaserit,
1217 1840 1282 1910 Ci-

277 1972 445 2022 ceronem
456 1951 684 2023 manifestum
698 1966 751 2022 est
762 1951 874 2049 magis
888 1952 1031 2041 intimo,
1044 1951 1139 2024 utita
1148 1951 1281 2042 dicam,

276 2065 387 2137 animi
404 2060 703 2138 sensu'divinasse
719 2090 811 2162 quae,
833 2066 924 2136 sicut
939 2065 1043 2138 Attici
1053 2064 1152 2163 apud
1169 2038 1299 2141 tlt&

266 2195 380 2276 hem,
395 2183 457 2274 ita,
472 2182 509 2253 in
527 2174 655 2252 humili
673 2178 816 2252 dicendi
826 2203 967 2274 genere,
981 2179 1095 2250 Latini
1107 2181 1284 2252 sermonis

276 2300 458 2397 negligens
469 2294 654 2393 elegantia,
666 2307 701 2363 et
710 2292 907 2364 verborum
916 2293 1117 2370 inaffectata
1122 2317 1284 2391 pronun·

278 2413 379 2486 tiatio
396 2411 607 2514 requireret.
1164 2421 1167 2426 '
1210 2420 1214 2429 '

327 2528 398 2600 Sed
413 2543 452 2600 ut
458 2530 533 2626 jam
547 2528 724 2629 posterius
736 2527 774 2600 id
783 2529 988 2630 exemplum
1000 2530 1228 2626 attingamus,
1245 2531 1285 2602 iu

278 2667 352 2741 quo
365 2642 504 2716 diversa
519 2641 623 2713 Tullii
635 2657 670 2713 et
684 2642 896 2731 Quintiliani
910 2646 1094 2743 praeceptis
1102 2644 1286 2743 professus

279 2768 333 2829 est
341 2757 477 2846 Victor,
493 2781 560 2828 nec
574 2756 691 2827 solum
707 2757 763 2846 iis,
777 2738 840 2827 sed
849 2749 1027 2855 plerisque
1041 2756 1103 2829 aut
1116 2755 1286 2828 omnibus

278 2869 377 2969 apud
396 2871 562 2967 antiquos
584 2869 788 2941 rhetoribus
804 2869 956 2962 obstitit,
977 2870 1024 2942 ad
1042 2895 1083 2942 ea
1101 2870 1287 2942 veniamus

280 3009 358 3083 quae
375 2982 582 3054 brevissime
596 2983 641 3052 de
658 2984 850 3055 memoria¹
870 2983 1074 3082 disputavit.
1096 2989 1135 3054 In
1155 2982 1286 3080 quibus

281 3121 396 3196 quum
411 3096 571 3193 primum
588 3094 798 3167 thesaurum
821 3098 983 3169 omnium
1004 3122 1124 3170 rerum
1149 3098 1287 3167 memo·

280 3210 372 3281 riam
389 3232 465 3281 esse
489 3207 667 3297 definivit,
682 3207 758 3280 haec
774 3207 906 3280 deinde
923 3209 1064 3306 adjicit:
1088 3239 1106 3278 r<
1124 3209 1178 3280 Ad
1192 3209 1287 3280 hanc

282 3324 517 3397 obtinendam
528 3321 674 3395 tradunt
687 3323 847 3421 plerique
860 3321 1025 3395 locorum
1037 3338 1072 3395 et
1083 3322 1300 3426 simulacro·

281 3445 362 3509 r'um
383 3435 558 3535 quasdam
576 3435 858 3526 observationes,
875 3462 953 3534 quae
969 3435 1057 3509 mihi
1075 3435 1288 3507 non'viden‘·

282 3565 341 3623 tur
368 3549 503 3622 habere
536 3548 716 3621 ellectum.
739 3577 756 3616 u
791 3554 911 3622 Artem
940 3575 1020 3623 eam
1051 3547 1300 3622 memoriae'a·

284 3651 469 3734 Simonide
484 3662 683 3752 inventore,
702 3678 742 3734 ut
759 3664 859 3735 aiunt
876 3663 992 3754 multi,
1013 3659 1289 3761 prolectam,de

284 3802 356 3874 qua
367 3776 456 3846 nihil
465 3777 502 3847 in
514 3776 712 3848 Rhetoricis
723 3776 925 3850 Aristotcles
936 3776 1093 3866 tradidit,
1106 3775 1167 3847 sed
1179 3798 1300 3872 quam

284 3904 471 3987 tantopere
488 3890 755 3962 commendavit
773 3892 930 3964 incertus
950 3882 1224 3962 Rhetoricorum
1242 3885 1289 3958 ad

327 4139 357 4198 l.
376 4135 409 4196 C.
427 4138 455 4194 J.
480 4133 568 4210 vict,
588 4153 652 4214 cap.
670 4154 756 4195 xxm.
