2738 4928
585 333 786 406 ...ῃ-

180 498 219 561 ut
236 483 341 558 obvia
357 512 366 554 ε
384 499 421 559 et
437 484 712 584 proverbiorum
729 485 983 582 tempestivitas
998 482 1117 583 lepida
1131 495 1185 557 est

177 602 384 673 Graecorum
401 615 512 697 atque
540 614 766 690 nostrorum,
797 610 832 674 et
862 623 987 674 ¹vrrruus
1022 611 1185 695 partesve

176 738 325 803 eorum;
346 738 389 786 ex
409 712 611 787 oratoribus
633 713 752 790 aliisve
772 713 913 809 scriptis
932 712 1135 803 sententie,
1154 711 1186 785 si

177 824 259 901 loco
292 827 538 924 proferantur,
565 850 773 900 sermonem.
797 839 1073 901 ouuvonusmnt.
1104 825 1187 901 Vita

175 939 326 1012 vernilia
354 964 628 1036 scurrarumque
653 938 939 1027 aemulationem
969 958 1056 1011 uam
1083 937 1198 1015 multi

180 1051 270 1126 dum
282 1052 463 1125 sefacetoe
474 1052 618 1144 volunt,
631 1076 707 1158 nou
719 1051 829 1165 modo
847 1049 974 1136 verba,
987 1049 1051 1123 sed
1067 1065 1187 1144 gestus

176 1191 324 1263 quoque
340 1190 381 1241 ac
392 1165 567 1239 vouabtda
577 1190 781 1239 scurrarum
799 1165 1014 1262 exprimunt.
1028 1169 1082 1236 lta
1095 1162 1186 1235 acci·

178 1279 232 1350 dit
243 1293 282 1350 ut
290 1279 465 1376 necquod
475 1304 551 1351 esse
559 1278 692 1350 debent
705 1280 789 1367 sint,
798 1302 866 1351 uec
876 1277 976 1374 quod
985 1277 1182 1349 imitantur.

181 1395 254 1462 Nec
282 1416 485 1464 sermonem
515 1394 618 1487 quasi
647 1392 847 1465 orationem
877 1388 1184 1489 pronuntiaveris,

180 1527 247 1575 uec
271 1528 497 1603 praepropere
527 1503 706 1600 loquaris,
735 1529 782 1579 ne
818 1503 847 1577 si
890 1503 1007 1602 possis
1037 1500 1187 1598 quidem

179 1615 298 1689 verba.
320 1618 396 1688 sine
427 1617 625 1691 haesitantia
653 1617 783 1712 lingua·
810 1615 972 1690 celeriter
1004 1614 1183 1689 evolvere.

177 1729 290 1803 Multo
313 1730 409 1801 enim
429 1730 570 1828 turpius
590 1730 619 1801 si
636 1728 799 1803 offendas
815 1728 944 1827 sepius
961 1727 1063 1823 quasi
1090 1725 1187 1797 solo*

178 1839 286 1913 bross
308 1842 545 1930 festinatione„
565 1847 691 1939 Neque
709 1856 830 1915 tamen
853 1839 1064 1938 protrahere
1080 1862 1187 1911 voces

177 1954 391 2031 oscitantem
412 1954 625 2044 decet,1nec
648 1952 841 2028 intervallis
864 1952 1036 2027 dividere.
1067 1955 1188 2027 Bonus

177 2066 310 2142 modus
332 2068 442 2139 estin
462 2065 648 2164 loquendo
674 2081 847 2163 tanquam
869 2064 1089 2141 atnbulando
1108 2062 1188 2137 cle-

124 2163 129 2181 ’
178 2194 318 2251 menter
334 2181 407 2272 ire,
428 2181 504 2252 sine
523 2178 722 2267 curriculo,
747 2180 823 2253 sine
841 2180 1080 2251 cunctatione.
1098 2176 1188 2250 Cla·

178 2317 278 2367 mare
301 2294 338 2364 in
361 2292 548 2390 loquendo
572 2293 744 2367 rusticum
761 2317 803 2366 ac
822 2290 1019 2366 barbarum
1041 2305 1112 2384 est;
1138 2289 1188 2365 fit

178 2406 274 2478 enim
292 2404 338 2478 de
355 2431 522 2479 sermone
538 2406 755 2480 convicium.
775 2411 853 2477 lam
870 2405 901 2477 si
917 2405 954 2479 in
968 2404 1115 2502 publico
1125 2419 1187 2478 aut

178 2519 215 2592 in
231 2519 398 2591 convivio
416 2519 570 2609 clames,
589 2542 664 2591 non
681 2520 829 2614 agrestis
852 2517 985 2607 modu,
1004 2519 1068 2594 sed
1085 2520 1187 2591 insa·
1290 2568 1292 2573 -

178 2655 247 2700 nus
268 2629 450 2720 habearis3
471 2620 594 2703 rursus
618 2631 648 2701 si
671 2630 718 2702 ita
743 2629 896 2700 demisse
922 2627 1116 2714 fabuleris,
1129 2627 1187 2699 vix

178 2757 220 2817 ut
243 2743 428 2841 proximus
446 2743 585 2831 audiat,
605 2741 762 2812 hominis
783 2741 935 2813 nimium
960 2739 1104 2810 delicati
1119 2753 1184 2810 est.

178 2860 223 2929 Et
244 2857 368 2929 audire
385 2858 686 2929 sermocinantem
710 2852 856 2927 rationis
876 2866 947 2943 est,
969 2853 1130 2949 primum
1149 2866 1197 2923 ut·

164 2983 313 3045 'attente
323 2969 460 3060 audias,
472 2996 530 3061 ne,
542 2968 629 3041 dum
641 2991 697 3041 res
706 2966 792 3042 alias
805 2976 900 3063 agan
912 2991 1026 3062 quum
1040 2989 1190 3062 respon·

178 3086 276 3157 sorio
291 3110 382 3184 opus
397 3085 463 3176 sit,
475 3084 573 3156 aliud
591 3081 827 3182 respondeam
838 3093 900 3152 aut
911 3080 1056 3176 ignarus
1070 3079 1189 3174 rogari

178 3199 266 3298 quid
283 3199 459 3288 videatur,
475 3197 699 3271 consilescas.
717 3196 857 3269 Deinde
881 3209 921 3269 ut
939 3197 1034 3267 sinas
1050 3218 1189 3292 propo-

178 3315 287 3387 situm
299 3313 481 3410 explicari,
497 3327 604 3408 atque
622 3313 658 3382 in
679 3311 761 3383 loco
778 3333 959 3396 occurras,
975 3332 1022 3379 ne
1039 3307 1114 3376 duo
1128 3321 1191 3380 aut

179 3425 315 3524 plures,
335 3425 438 3497 chori
460 3439 521 3496 uut
543 3440 693 3496 catervae
715 3422 848 3513 mode,
872 3416 1121 3514 constrepatis.
1146 3421 1190 3489 Et

179 3538 370 3609 hominum
389 3552 424 3607 et
441 3535 604 3605 locorum
626 3549 661 3605 et
682 3548 888 3631 temporum
906 3530 997 3601 ratio
1014 3527 1190 3600 servanda

180 3665 248 3727 est·
257 3649 353 3724 Alius
363 3672 446 3722 cum
459 3646 663 3744 superiore,
676 3644 765 3717 alius
775 3669 858 3752 eum
868 3644 945 3745 pari
954 3641 1189 3738 autprosimo

181 3788 299 3836 sermo
320 3777 397 3851 est3
419 3762 504 3831 item
528 3776 612 3830 cum
633 3758 851 3847 senioribus,
870 3782 955 3828 cum
978 3754 1188 3852 aequalibus,

180 3862 265 3956 culn
275 3860 396 3977 pueris
408 3888 470 3944 aut
483 3870 711 3944 mulierculis.
724 3871 821 3960 Quid
831 3871 847 3941 l
857 3872 895 3941 in
907 3870 1075 3942 convivio
1084 3884 1189 3969 putas

182 3979 352 4088 ¹eumdem
384 3987 514 4060 debere
552 4012 634 4059 esse
656 4011 764 4085 quern
794 3984 832 4057 in
862 3983 941 4056 foro
974 3999 1036 4059 aut
1068 3983 1188 4083 aliquo

181 4116 277 4173 coetu
300 4098 560 4200 litteratorum?
578 4097 675 4187 Quid
699 4097 800 4195 quod
818 4123 887 4195 ego
911 4099 986 4171 scio
1011 4093 1189 4193 quosdam
