2738 4928
567 411 618 429 ..
644 370 715 448 ηε
737 407 789 429 ...

176 548 253 597 non
270 522 410 594 minore
425 521 559 622 impetu
576 508 683 624 prosa
698 547 807 622 quam
823 505 928 595 versu
942 516 1131 620 loquendi,
1143 532 1181 593 et

177 637 591 734 facilieanoraquevoce,
607 662 705 709 nunc
716 634 947 737 panegyricas
958 634 1182 707 dictioneset

176 752 358 824 orationes
369 763 405 822 et
414 749 703 842 declamationes,
715 773 814 820 nunc
824 748 942 820 omnis
949 748 1088 845 generis
1099 770 1181 820 ver·

178 862 309 934 siculos
326 875 361 934 et
377 862 536 934 carmina
551 861 670 962 palam
686 862 724 933 in
742 860 940 952 auditoriis,
952 861 990 932 in
1003 860 1184 965 locisque

178 974 362 1048 athenaea‘
395 973 639 1075 appellabant,
665 974 866 1073 voluptatis
896 973 1121 1063 audientium
1146 987 1183 1046 et

179 1088 324 1190 plausus
340 1087 469 1183 gratia,
491 1086 676 1159 recitandi.
698 1090 786 1177 Quae
803 1087 949 1185 quidem
965 1087 1089 1160 omnia
1106 1108 1182 1177 non

180 1201 292 1275 modo
308 1225 352 1272 ex
369 1201 539 1291 hosonio,
561 1225 581 1272 e
600 1200 830 1298 Symmacho,
848 1200 996 1300 aliisque
1011 1200 1050 1272 rit
1062 1197 1181 1271 saeculi
1208 1261 1211 1267 .

179 1312 413 1414 scriptoribus
447 1313 632 1386 manifesta
661 1328 765 1404 sunt3
796 1313 873 1405 sed,
907 1340 933 1384 v
961 1315 1071 1387 etiam
1099 1322 1183 1412 post

169 1429 360 1503 ¹Christum
371 1451 461 1518 aevo,
474 1452 494 1497 e
509 1425 647 1498 Sidonii
663 1428 776 1499 nostri
794 1427 1007 1527 Apollinaris
1018 1424 1183 1525 complu·

180 1543 277 1615 ribus
301 1539 533 1640 epistolarum
553 1539 657 1633 locis,
678 1554 713 1612 et
740 1564 783 1610 ex
808 1540 964 1611 Ennodii
990 1537 1185 1610 'ticinensis

180 1657 339 1757 episcopi
353 1652 581 1745 dictionibus,
595 1667 630 1725 et
644 1678 686 1724 ex
702 1653 855 1724 aliorum
867 1653 1080 1725 testimoniis
1091 1651 1181 1724 ultra

180 1770 326 1842 Ausonii
341 1783 377 1839 et
394 1766 599 1863 Symmachi
619 1780 775 1858 aetatem,
792 1767 987 1839 ostendunt
1004 1765 1182 1839 declama·

180 1883 295 1955 tiones
311 1896 347 1952 et
362 1877 537 1977 quaslibet
561 1878 749 1951 rhetorum
774 1896 1035 1981 poetarumque
1058 1879 1183 1953 recita·

180 1997 297 2068 tiones
321 1994 501 2067 constanti
515 2019 581 2064 usu
599 1994 636 2064 in
655 1993 850 2066 Galliarum
875 1994 1008 2065 scholis
1025 2009 1062 2065 et
1078 1991 1183 2065 audi·

182 2107 300 2195 toriis,
324 2120 360 2175 et
384 2102 551 2174 athenaeis
574 2103 737 2199 viguisse.
759 2107 847 2190 Quae
870 2103 899 2173 si
919 2103 1025 2201 plane
1048 2126 1134 2173 vera
1149 2114 1184 2173 ot

182 2217 392 2288 confirmata
408 2228 502 2301 sunt,
522 2212 608 2284 inde
624 2213 737 2310 liquet
754 2211 923 2284 omnibus
941 2213 983 2284 iis
1000 2212 1187 2285 senteutia-

182 2356 263 2401 rum
295 2326 534 2415 acuminibus,
562 2326 692 2422 quibus
716 2330 933 2423 magnopere
958 2328 996 2396 in
1027 2325 1186 2425 epistolis

183 2441 341 2538 gavisum
360 2463 434 2508 esse
450 2436 705 2534 Symmachum
721 2439 1019 2523 memoravimus,
1046 2453 1082 2509 et
1107 2463 1186 2536 quae

181 2552 333 2625 libenter
348 2565 424 2620 tum
444 2548 516 2638 hic,
537 2563 612 2618 tum
632 2550 877 2641 Cassiodorus,
896 2551 1095 2622 litterarum
1113 2550 1186 2649 ple·

182 2688 374 2760 rarumque
402 2661 503 2731 initio
526 2677 719 2759 usurpant,
747 2688 829 2760 quae
849 2679 975 2734 eontra
1002 2667 1042 2735 C.
1073 2663 1188 2735 lulius

181 2781 305 2850 Victor
323 2778 360 2846 in
380 2775 584 2846 orationum
607 2773 773 2845 clausulis
791 2776 947 2846 nimium
965 2774 1187 2873 frequentata

183 2892 358 2986 vituperat
368 2891 392 2978 ¹,
411 2887 568 2958 Gallicos
592 2910 629 2955 1v
657 2888 721 2957 aevi
745 2888 906 2959 rhetores
924 2889 1096 2961 acerrime
1109 2904 1190 2963 stu-

184 3003 315 3074 duisse.

232 3113 332 3184 lllam
347 3111 385 3185 in
397 3110 515 3182 verbis
528 3108 759 3182 stellarumac
770 3111 997 3210 phalerarum
1010 3114 1184 3212 supellec·

184 3226 300 3316 tilem,
328 3248 416 3321 quas
447 3246 712 3318 nonnunquam
731 3223 805 3318 joci
831 3228 941 3321 gratia
971 3231 1019 3297 Μ.
1052 3227 1188 3298 Tullius

182 3344 326 3418 ληκύθους
342 3335 535 3424 nominat⁸,
553 3333 598 3405 de
614 3334 788 3406 industria
808 3338 952 3436 plausus
981 3338 1187 3411 concitandi

183 3476 289 3529 causa
320 3447 526 3537 collocatas,
560 3470 635 3517 non
674 3448 793 3519 minus
824 3475 861 3520 1v
891 3449 1040 3544 saeculo,
1076 3475 1187 3550 quan

183 3581 305 3655 antea,
340 3562 453 3635 nostri
488 3559 714 3634 adamabant.
744 3561 824 3634 Sive
852 3564 949 3636 enim
974 3589 995 3636 e
1024 3589 1187 3664 panegy-

222 3838 252 3894 1.
273 3830 437 3909 Symmach.
454 3830 561 3906 Epist,
580 3831 606 3906 1,
625 3850 674 3889 xv.
698 3826 1057 3909 Sidon.Apollin.Epist.,
1077 3836 1184 3910 11‚1x;
1230 3816 1232 3821 ¹

182 3927 348 4073 lxix&
363 4008 437 4068 Vict.
450 4053 458 4080 ,
473 4027 538 4086 cap.
553 4028 636 4084 xx11,
653 4027 683 4086 p.
698 4011 777 4081 407,
794 4028 832 4068 ex
844 4008 963 4083 Quintil.
979 4013 1064 4090 vm,
1080 4015 1115 4086 5,
1128 4013 1196 4071 13.‘

184 4105 231 4163 ir.
252 4099 325 4159 Vide
336 4120 366 4179 p.
385 4099 490 4156 31-32.

224 4195 252 4254 3.
275 4190 335 4253 eie.
355 4190 397 4246 ad
411 4187 499 4246 Ateio.
514 4187 623 4261 Epire,
641 4187 672 4258 1,
696 4203 762 4247 xm.
