2774 4928
507 344 704 418 45„

101 484 209 558 hrum
251 485 539 561 Ecclesiasticum
581 489 845 564 antithetorum
891 505 1112 566 ornamento

103 624 209 672 usum
224 625 301 675 esse
317 602 491 699 agnoscit.
515 602 625 690 Quod
640 603 675 675 si-
687 603 926 677 Cassiodorus
944 619 982 678 et
995 602 1112 679 Isido-

102 737 164 786 rus
177 715 214 785 in
227 714 373 786 tantulis
394 713 567 813 operibus
588 715 1039 792 nihilominuschriotianoe
1063 708 1113 792 fi'-

103 825 162 900 dei
176 827 293 901 obiter
308 827 493 901 indicandi
507 829 874 924 locum-invenerusn,
884 857 1010 905 nonne
1022 834 1114 906 item

103 954 141 1014 et
157 941 272 1015 multo
293 942 406 1038 magis
423 943 532 1014 etiam
555 943 695 1018 lecisset
714 945 751 1018 in
770 943 863 1018 libro
879 970 946 1018 suo
969 946 1115 1037 Victor,

104 1055 247 1127 sivero
273 1052 488 1128 christianus
513 1055 659 1129 luisset?
678 1061 807 1130 Nonne
830 1057 951 1156 aliqua
984 1056 1116 1130 saltem

104 1190 149 1252 ex
170 1181 287 1267 parte,
314 1165 397 1238 licet
422 1166 598 1242 obscurus
618 1169 817 1242 Galliarum
842 1170 979 1260 rhetor,
1008 1187 1111 1267 egro⁴

104 1279 200 1377 giam
217 1279 293 1353 divi
305 1280 438 1355 Aurelii
456 1282 647 1378 Augustini<
657 1281 945 1377 indignationem
971 1306 1116 1381 expres·

104 1393 210 1466 sisset
241 1393 414 1467 adversus
448 1418 530 1487 eos,
561 1396 627 1492 qni
651 1395 831 1467 rhetorica
863 1393 1030 1469 facultate
1061 1394 1119 1468 uti

105 1503 291 1578 christiani
311 1530 387 1578 esse
408 1504 571 1579 doctoris
593 1505 800 1604 negabant?
820 1510 950 1580 Nonne
973 1519 1118 1578 tantum

105 1615 279 1691 abfuisset
301 1633 342 1690 ut
368 1618 547 1692 mendacii
562 1618 752 1692 stillicidiis
763 1617 982 1716 quinrsdom
996 1641 1118 1717 asper·

106 1754 185 1804 sam
197 1732 399 1805 orationem
415 1732 701 1825 commendaret,
716 1747 756 1805 ut
772 1746 900 1806 oontm
918 1731 1117 1828 Augustino

107 1843 592 1944 pulcherrimahaecdicenti¹
603 1845 820 1942 suffragatus
831 1843 946 1918 esset?
959 1871 977 1912 r
994 1847 1119 1932 Quum

108 1982 174 2055 per
189 1971 304 2029 artem
323 1956 539 2029 rhetoricam
561 1972 597 2031 et
614 1981 701 2030 vera
719 1956 938 2030 suadeantur
960 1969 997 2029 et
1016 1954 1121 2048 falsa,

110 2072 192 2169 quis
207 2071 339 2144 audeat
355 2071 487 2163 dicere,
502 2064 676 2144 adversus
693 2070 923 2144 mendacium
940 2072 978 2142 in
996 2069 1122 2144 delen·

110 2181 254 2256 soribus
268 2184 342 2256 suis
358 2183 536 2256 inermem
551 2183 684 2257 debere
700 2184 895 2257 consistere
914 2181 1122 2272 veritatem,

110 2299 330 2373 utvidalicet
339 2299 390 2373 illi
403 2301 468 2398 qui
486 2325 542 2374 res
564 2300 666 2374 falsas
685 2298 901 2399 persuadere
925 2310 1123 2392 conantum
1214 2363 1217 2367 .

110 2413 282 2487 noverint
304 2411 507 2488 auditorem
528 2413 586 2487 vel
607 2413 840 2507 benevolum,
860 2412 918 2487 ml
941 2413 1121 2484 intentum

109 2526 289 2626 prooemio
313 2525 448 2625 lacere3
473 2527 532 2598 isti
557 2541 679 2599 autem
703 2523 1046 2600 nonnoveriutl...
1065 2521 1124 2597 llli

111 2640 254 2711 animos
267 2628 492 2713 audientium
504 2640 543 2710 in
559 2662 720 2710 errorem
733 2650 922 2710 moventes
934 2633 1122 2733 impellen-

112 2766 238 2851 tesque
269 2751 425 2824 dicendo
460 2765 629 2842 terreant,
652 2749 889 2839 contristent‚.
907 2745 1119 2838 exhilarent,

114 2864 347 2939 exhortentur
367 2863 555 2956 ardenter;
579 2862 637 2934 isti
656 2883 725 2960 pro
742 2859 891 2933 veritate
911 2857 1001 2934 lenti
1022 2857 1123 2958 frigi-

114 2975 223 3075 dique
240 2973 461 3051 dormitent?
478 3001 498 3043 u

163 3087 236 3162 Sed
257 3088 346 3189 quid
365 3085 494 3188 plura?
512 3088 594 3161 Non
612 3081 728 3157 solum
747 3105 791 3154 ex
807 3080 919 3181 ipsius
934 3077 1028 3153 libro
1045 3104 1122 3155 nnn

115 3202 348 3277 christianum
367 3201 475 3273 luisse
491 3200 673 3271 Victorem
688 3218 802 3299 prope
815 3205 969 3285 constat,
986 3191 1050 3267 sed
1062 3217 1122 3269 ca·

116 3315 201 3395 dem
218 3317 343 3416 opinio
358 3316 436 3393 aliis
453 3311 664 3389 testimoniis
687 3306 934 3386 confirmatur.
951 3309 1003 3380 Ne
1025 3308 1124 3385 enim

116 3427 163 3503 de
186 3429 316 3501 Grecis
341 3429 416 3505 istis
440 3423 645 3505 rhetoribus
676 3435 713 3499 et·
739 3417 910 3519 sophistis
938 3441 976 3488 1v
1001 3416 1121 3497 saeculi

116 3539 247 3640 loq'uar
268 3566 379 3639 quos,
401 3539 504 3614 sicuti
523 3536 730 3624 Liberium,
750 3530 1032 3632 paganosomni
1053 3551 1124 3630 ope

117 3668 226 3754 atque
239 3679 352 3755 opera
361 3653 521 3727 lulianus
534 3651 623 3723 fovit
635 3674 678 3722 ac
693 3661 826 3723 tutatus
841 3660 908 3737 est,
917 3645 1045 3727 Latino
1055 3667 1125 3717 ser-

119 3792 229 3843 mone
244 3793 332 3843 usos
345 3781 384 3840 et
399 3764 520 3839 Gallos
537 3759 789 3840 tautummodo
807 3758 968 3832 rhetores
979 3757 1039 3830 hic
1054 3755 1125 3829 de-

119 3880 251 3980 u‘gnari
264 3880 349 3955 satis
371 3879 429 3953 sit.
452 3879 617 3969 Quorum
637 3871 817 3953 ltnonius
826 3870 995 3971 princeps
1010 3892 1125 3969 quum

154 4115 197 4184 tr
218 4107 458 4194 aurelntuguu.
472 4106 604 4166 denam
627 4098 919 4179 ctrtsriaa.,1v‚2.
