2738 4928
584 348 635 368 ..
658 310 706 384 rr
730 348 781 370 ...

159 483 163 494 ’
218 461 368 533 ¹Scilicet
383 460 425 532 in
436 457 500 532 illo
508 459 624 558 primi
638 456 721 531 libri
737 458 786 530 de
799 459 935 532 Olliciis
947 465 969 551 ¹,
985 454 1181 560 quemjam

159 595 162 602 ’
181 573 429 667 indicavimus,
441 571 650 664 loco,itade
661 575 1052 647 sermoneCicerocum
1060 579 1180 655 Marco

155 719 159 726 ·
179 687 254 768 filio
263 688 490 762 adolescente
506 687 684 786 loquitur,
694 703 736 760 ut
751 687 886 787 ubique
904 689 1002 763 utilia
1013 705 1049 763 et
1062 700 1183 766 neces·

179 803 270 876 saria
283 816 461 902 praecepta
473 801 565 873 miro
581 800 740 899 quodam
754 800 987 897 jucunditatis
1009 804 1082 876 sale
1100 818 1184 877 cou-

178 917 268 1009 diat,
296 932 334 990 ct
361 942 552 1016 nusquam,
577 932 618 989 ut
643 918 777 1009 Victor,
805 919 940 1019 puerile
966 919 1102 1019 aliquid
1123 934 1184 994 aut

179 1031 356 1129 vulgatius
375 1044 438 1103 aut
452 1045 768 1133 extemporaneum
791 1047 1008 1131 praeceptum
1036 1033 1180 1130 injiciat.

179 1147 302 1232 Quum
311 1145 408 1216 enim
420 1144 498 1217 aliis
514 1143 659 1216 dicendi
672 1144 822 1236 artibus,
833 1159 909 1216 tum
922 1143 991 1217 hac
1006 1148 1184 1245 praecipue

180 1258 306 1329 Cicero
318 1259 471 1350 eminet,
498 1272 540 1328 ut
560 1281 749 1354 uunquam
772 1257 872 1330 utilia
888 1258 925 1329 in
944 1259 1183 1358 praecipiendo

184 1369 345 1460 omittat,
363 1383 400 1440 et
425 1383 545 1440 tamen
557 1366 647 1439 nihil
664 1367 765 1466 quod
783 1366 986 1440 obsoletum
1006 1367 1182 1461 videatur,

184 1479 333 1571 inserat,
359 1494 484 1554 contra
507 1494 627 1574 autem
654 1479 712 1552 vel
737 1481 892 1552 maxime
917 1481 1043 1555 usitata
1065 1484 1185 1555 nescio

183 1618 257 1690 quo
267 1594 433 1666 novitatis
447 1595 563 1666 nitore
578 1593 704 1666 induat
721 1609 756 1665 et
772 1594 921 1666 coloret.
937 1598 1058 1691 ltaque
1072 1621 1186 1694 quum

182 1705 219 1776 in
237 1731 326 1778 voce
341 1705 417 1778 duo
433 1706 616 1806 sequenda
633 1730 710 1778 esse
722 1707 878 1797 monuit,
898 1720 939 1777 ut
956 1706 1051 1779 clara
1068 1711 1125 1799 sit,
1147 1725 1187 1782 ut

182 1819 413 1916 suavis(quae
430 1819 580 1918 quidem
595 1833 772 1918 praecepta
796 1821 869 1891 lere
901 1819 1071 1892 omnibus
1098 1837 1187 1895 nota

182 1933 302 2029 sunt),
330 1947 407 2005 tam
427 1947 633 2032 opportune
652 1932 693 2003 iis
721 1932 842 2028 adjicit
862 1948 898 2004 et
918 1923 1129 2006 Catulorum
1152 1950 1189 2008 et

184 2049 224 2115 L.
252 2048 367 2118 Crassi
394 2047 619 2118 diversorum
636 2045 829 2142 eloquendi
854 2071 1026 2142 generum
1053 2074 1189 2120 memo·

184 2158 296 2251 mam,
319 2175 359 2231 ut
379 2159 448 2232 hac
468 2173 639 2232 renovata
663 2171 699 2230 ct
724 2157 855 2229 refecta
881 2183 959 2230 esse
981 2183 1060 2256 quae
1083 2161 1190 2233 docet

185 2271 389 2344 videantur.
413 2277 521 2364 Item,
541 2297 654 2370 quum
667 2271 714 2343 de
732 2270 805 2344 sale
825 2285 862 2342 et
886 2272 1020 2344 facetiis
1045 2272 1189 2346 Caesaris

185 2386 406 2458 mentionem
422 2386 521 2479 facit3
536 2411 649 2483 quum
661 2384 749 2482 qnid
758 2382 882 2456 deceat
890 2387 1099 2482 exquirens,
1116 2413 1190 2459 ser-

186 2522 333 2570 monem
353 2497 596 2590 commendat,
617 2498 747 2595 inquo
764 2498 934 2569 Socratici
958 2501 1113 2570 maxime
1131 2525 1190 2572 ex·

185 2611 333 2705 cellunt,
353 2612 472 2685 lenem
488 2612 708 2709 minimeque
720 2612 951 2709 pertinacem.
966 2616 1053 2698 Quae
1066 2614 1190 2683 Victor

187 2725 315 2821 puerili
337 2725 538 2818 interdum,
565 2740 602 2798 et
624 2725 790 2812 nimium,
803 2738 842 2794 ut
854 2724 1029 2816 diximus,
1050 2724 1130 2796 laxo
1149 2749 1190 2797 ac

187 2838 362 2911 dissoluto
382 2865 503 2913 rerum
516 2855 631 2912 tractu
646 2837 851 2937 proposuit,
874 2860 916 2907 ea
933 2836 1067 2907 Tullius
1088 2837 1191 2910 firma

187 2952 344 3049 quadam
366 2969 402 3026 et
429 2971 527 3052 grata
552 2968 587 3026 et
604 2951 753 3023 viriliter
772 2974 892 3049 pressa
915 2949 1087 3024 brevitate
1104 2976 1192 3026 con-

188 3071 348 3169 scripsit,
366 3071 440 3142 sive
460 3071 635 3142 sermonis
659 3064 940 3138 vicissitudinem
961 3069 1192 3142 commenda·

189 3184 280 3256 verit
307 3198 343 3255 et
368 3210 436 3283 pro
454 3185 559 3256 variis
578 3182 685 3283 rebus
705 3181 931 3268 varietatem
946 3180 1019 3252 sive
1037 3181 1192 3254 «haberi

187 3296 400 3395 plerumque
416 3323 599 3369 sermones
609 3311 670 3369 aut
680 3295 726 3366 de
740 3293 944 3365 domesticis
962 3296 1114 3387 negotiis
1133 3309 1193 3363 ant

188 3407 235 3480 de
244 3410 444 3512 republica,
462 3410 578 3482 autde
590 3410 720 3480 artium
733 3405 858 3476 studiis
873 3417 979 3498 atque
995 3403 1158 3473 doctrina
1172 3431 1190 3470 u

188 3521 317 3594 dixerit
332 3550 341 3612 3
362 3523 436 3594 sive
445 3522 488 3592 iis
496 3517 742 3592 adhibendum
760 3540 835 3586 esse
852 3512 1002 3583 modum
1020 3528 1055 3583 et
1073 3529 1193 3586 motus

190 3636 301 3707 animi
317 3636 449 3706 nimios
462 3633 671 3706 eximendos
684 3655 774 3723 esse,
792 3628 897 3699 etiarn
914 3627 951 3697 in
964 3628 1193 3726 castigatione

191 3762 227 3819 et
242 3749 280 3819 in
300 3745 594 3820 contentionibus
620 3742 871 3832 admonuerit,
897 3741 971 3812 sive
991 3769 1010 3809 u
1029 3742 1191 3816 deforme

192 3885 268 3933 esse
283 3861 328 3932 de
345 3886 382 3933 se
398 3862 477 3961 ipso
493 3859 699 3961 praedicare,
719 3856 805 3928 salsa
817 3856 1024 3955 praesertim,
1044 3872 1092 3952 et,
1110 3882 1194 3929 cum

235 4089 264 4146 l.
287 4084 345 4148 cic.
362 4087 398 4141 de
414 4081 512 4161 Offic,
527 4087 558 4163 1,
577 4087 614 4142 37
628 4093 657 4141 et
671 4085 719 4142 38.
