2738 4928
669 323 841 395 ...3-

252 477 364 565 rinus,
385 475 561 572 Sulpicius
580 474 704 545 Victor
726 471 929 571 parcissime
951 470 1005 540 usi
1028 485 1110 540 sunt
1124 474 1145 540 ¹.
1166 475 1256 545 Mar-

251 587 421 659 comanni
433 585 572 657 nullum
585 586 698 656 Maius
714 585 750 655 in
768 584 900 655 notulis
913 583 959 653 ad
973 587 1012 653 C.
1025 582 1157 654 lulium
1175 585 1255 656 Vic-

252 685 368 772 torem
386 701 573 796 vestigium
594 696 843 796 deprehendit.
865 701 987 792 ltaque
1004 697 1256 769 eo-mentionis

253 813 366 883 modo
382 813 494 909 gratia
511 813 698 882 nominato
718 809 878 880 contenti
897 809 1004 885 simus
1022 833 1166 881 necesse
1187 825 1253 901 est,

253 949 320 995 nec
336 926 435 996 irrita
452 925 498 996 de
517 925 640 1021 ignoto
662 948 775 1022 prope
793 923 941 993 homine
957 947 1167 1018 quaeramus

303 1037 412 1124 Quod
438 1037 483 1108 ad
504 1039 691 1110 Tatianum
708 1050 863 1134 spectat,
888 1035 1073 1108 manifesta
1089 1050 1151 1106 aut
1166 1038 1257 1107 veri·

255 1149 362 1219 simili
393 1149 519 1221 saltem
561 1164 855 1246 argumentorum
886 1149 1115 1219 conclusione
1145 1148 1258 1220 Maius

254 1261 410 1358 probat¹
438 1263 618 1334 rhetorem
652 1288 760 1359 quem
789 1262 855 1333 sibi
889 1261 1102 1333 imitandum
1136 1275 1258 1333 noster

254 1376 465 1473 proposuit,
484 1401 601 1472 neque
616 1377 803 1447 Tatianum
819 1375 920 1446 illum
938 1379 1066 1471 Syrum
1084 1400 1176 1462 esse,
1196 1373 1259 1446 sed

254 1486 378 1582 lingua
411 1491 600 1578 Graecum,
630 1489 850 1586 professione
882 1488 1079 1586 sophistam
1112 1503 1147 1558 et
1177 1487 1258 1558 rhe-

255 1600 1259 1697 torem,cujusinfinitafuissevolumina,Eusebiusatque
1307 1664 1316 1671 .

253 1712 675 1809 Hieronymus³tradunt,
685 1714 998 1811 nequeTatiannm
1008 1712 1212 1809 Symmachi
1222 1713 1259 1783 in

252 1826 443 1895 consulatu
459 1825 646 1920 collegam,
667 1827 729 1922 qui
747 1825 877 1896 eodem
893 1849 990 1894 anno
1008 1828 1129 1895 Romae
1147 1824 1260 1922 impe,-

253 1937 344 2009 ravit
360 1962 434 2032 quo
450 1937 661 2009 Themistius
677 1939 798 2019 rhetor
810 1962 941 2008 novam
956 1941 1105 2007 Romam
1120 1937 1262 2034 praefec-

255 2063 311 2119 tus
328 2049 594 2142 moderabatur,
615 2039 678 2121 sed
695 2051 757 2147 qui
773 2065 894 2121 utrum
911 2050 1001 2120 sorte
1019 2050 1141 2120 rhetor
1158 2050 1262 2120 fuerit

254 2161 404 2231 omnino
424 2162 619 2256 ignoratur.
640 2168 687 2233 Ut
706 2178 826 2255 autem
843 2162 909 2233 sibi
922 2163 998 2258 jam
1014 2187 1122 2258 supra
1140 2160 1262 2259 videre

253 2273 350 2342 visus
366 2287 418 2342 est
435 2274 546 2344 Maius
565 2275 744 2370 Aquilium
761 2301 827 2371 pro
840 2273 964 2370 Aquila
980 2275 1016 2344 in
1039 2275 1187 2345 Victoris
1198 2300 1262 2346 co-

255 2383 335 2455 dice
356 2385 528 2455 mendose
544 2410 620 2456 esse
641 2388 826 2485 scriptum,
850 2388 897 2458 ita
913 2386 973 2457 hic
990 2387 1168 2457 Titianum
1193 2413 1261 2485 pro

252 2497 400 2568 Tatiano
417 2497 645 2569 scribendum
663 2523 738 2570 esse
752 2498 855 2570 valde
871 2499 1081 2596 suspicatur.
1104 2503 1145 2568 Et
1162 2499 1207 2569 ad
1225 2499 1262 2570 id

253 2608 467 2706 suspicionis
490 2608 642 2681 libenter
660 2608 862 2703 adducitur,
889 2609 987 2707 quod
1014 2610 1136 2681 similis
1160 2635 1262 2682 error

255 2717 430 2792 admissus
444 2734 497 2792 est
513 2720 610 2818 apud
628 2720 742 2792 editos
759 2720 871 2792 libros
887 2719 1080 2817 Capitolini
1096 2721 1134 2790 in
1151 2723 1261 2793 Maxi·

255 2831 356 2902 mino
368 2834 512 2929 juniore
528 2859 607 2932 cap.
625 2861 656 2925 1,
678 2860 785 2932 quern
805 2834 1038 2906 Casaubonus
1053 2835 1257 2928 etVossius,

255 2943 555 3043 adstipulantibus
584 2973 715 3046 nempe
747 2947 949 3036 codicibus,
979 2946 1262 3019 emendaverunt

256 3056 326 3126 sic:
350 3087 366 3121 κ
386 3061 476 3130 Usus
488 3073 541 3130 est
555 3061 729 3132 Maximus
742 3076 883 3132 oratore
897 3061 1022 3131 Latino
1034 3050 1171 3130 Titiano
1187 3059 1261 3131 filio

255 3168 382 3239 Titiani
402 3171 563 3259 senioris,
584 3174 647 3268 qui
665 3173 781 3246 dictus
802 3188 855 3245 est
872 3173 974 3244 simia
996 3173 1167 3269 temporis
1190 3173 1258 3263 sui,

250 3280 356 3377 quod
372 3297 499 3354 cuncta
518 3283 675 3356 imitatus
693 3300 796 3358 esset.
821 3317 839 3353 »
860 3291 960 3359 Hanc
982 3283 1112 3356 deinde
1131 3282 1263 3382 proba-

252 3393 365 3467 bilem
389 3398 631 3494 conjecturam
649 3400 762 3471 Maius
782 3399 891 3471 efficit
910 3424 953 3471 ex
977 3396 1115 3469 lsidoro
1139 3397 1263 3495 Hispa·
1346 3474 1347 3477 ,

250 3508 344 3581 lensi
355 3511 377 3601 ⁸,
396 3511 459 3608 qui
476 3510 520 3582 de
535 3511 722 3585 rhetoricae
740 3512 933 3612 disciplinae
948 3509 1195 3584 inventoribus
1211 3511 1262 3582 lo·

290 3744 327 3804 ³1.
351 3739 574 3799 Fortunatianus
588 3737 635 3798 ed.
652 3739 791 3819 Capper„
811 3757 842 3818 p.
859 3739 915 3808 683
926 3734 1115 3810 ¹Victorinus,
1136 3755 1167 3814 p.
1185 3739 1260 3808 119,

250 3829 400 3909 Sulpicius
413 3826 526 3902 Victor,
541 3848 572 3907 p.
589 3829 658 3886 285.

296 3924 326 3979 2.
350 3919 458 3991 Maius,
474 3921 511 3974 de
525 3923 646 3975 Victoris
659 3919 825 3990 Rhetorica,
840 3935 1034 3975 unm-unu.

298 4013 327 4067 3.
350 4012 425 4066 Hist.
445 4012 526 4077 eccl„
543 4009 599 4076 tv,
614 4009 652 4066 29
663 4004 724 4080 {de
738 4013 802 4066 Vir.
819 4011 881 4080 tlt,
896 4025 961 4085 cap.
976 4023 1059 4062 xxxx.

297 4102 327 4156 4.
355 4100 502 4176 0rig.11,
527 4097 557 4156 2.
