2738 4928
583 352 634 371 ...
659 314 700 386 st
732 351 783 371 ...

178 483 259 534 rum
277 463 382 535 unice
395 462 607 557 admirator,
623 461 790 563 epistolas
802 477 943 534 veteres
956 474 992 533 et
1007 461 1044 534 in
1060 462 1185 561 primis

176 576 354 648 Tullianas
380 577 624 649 commendat.
653 576 724 649 Sed
744 601 828 648 mox
860 577 965 675 plura
992 575 1038 648 de
1067 576 1126 648 illa
1147 600 1187 650 re

178 689 358 781 dicemus,
379 715 492 788 quum
517 713 559 761 ca
580 690 798 789 attigerimus
814 714 895 787 quae
917 688 964 783 de
988 689 1187 792 epistolisa

177 801 320 872 Victore
336 803 468 900 scripta
485 816 579 874 sunt.

227 921 339 987 Antea
356 929 474 988 autem
498 940 611 1016 pauca
626 917 669 989 iis
686 915 908 1016 opponenda
927 928 1012 987 sunt
1029 917 1092 1012 qui
1110 914 1188 987 rhe-

178 1031 291 1100 torica
308 1029 354 1101 ad
372 1030 591 1101 Herennium
615 1044 792 1131 praecepta
814 1029 988 1102 memoria
1004 1043 1183 1122 tenentes,

178 1141 285 1214 nobis
302 1144 477 1215 incertum
494 1168 622 1217 eorum
639 1157 823 1216 auctorem
837 1141 1036 1239 objicerent
1051 1140 1097 1212 de
1113 1165 1187 1212 ser·

179 1281 289 1328 mone
298 1257 336 1327 in
350 1259 456 1330 tertio
467 1282 533 1329 suo
544 1256 638 1328 libro
656 1256 868 1357 disputasse,
884 1255 1037 1353 ideoque
1049 1279 1070 1327 a
1081 1253 1188 1326 nobis

181 1370 362 1440 immerito
378 1368 517 1441 dictum
539 1394 616 1442 esse
633 1369 815 1441 Victorem
840 1369 999 1467 primum
1016 1392 1036 1440 e
1056 1367 1188 1439 latinis

182 1481 401 1585 rhetoribus,
421 1507 577 1578 quorum
595 1481 744 1579 quidem
759 1481 843 1553 libri
859 1493 1066 1581 supersunt,
1086 1497 1191 1577 quas·

181 1592 265 1664 dam
292 1592 526 1690 exprolesso
556 1593 652 1688 leges
676 1593 724 1665 de
749 1592 1017 1665 sermocinandi
1048 1593 1189 1665 ratione

180 1706 447 1803 conscripsisse.
477 1703 752 1775 Rhetoricorum
774 1705 872 1775 enim
896 1703 944 1776 ad
965 1705 1188 1776 Herennium

179 1834 325 1908 auctor,
345 1842 459 1916 quum
483 1815 529 1888 de
546 1818 842 1917 pronuntiatione
858 1816 1004 1890 dilatata
1022 1817 1189 1914 quaedam

179 1951 215 2008 et
239 1935 346 2006 etiam
375 1935 413 2005 in
440 1933 597 2005 minutas
625 1949 763 2032 partes,
791 1959 893 2006 more
923 1959 1013 2023 suo,
1044 1932 1188 2005 desecta

180 2050 355 2136 tractavit,
371 2070 576 2119 sermonem
589 2045 770 2119 definivit¹
787 2046 990 2118 orationem
1004 2045 1190 2116 remissam

179 2176 215 2234 et
232 2161 422 2232 finitimam
437 2159 656 2258 quotidianae
667 2159 857 2245 locutioni,
873 2173 908 2229 et
925 2182 1007 2229 eum
1021 2158 1058 2228 in
1070 2171 1190 2255 partes

178 2292 337 2375 quatuor
361 2275 485 2373 (quas,
516 2288 557 2346 ut
581 2272 690 2363 solet,
717 2273 921 2342 nominatas
946 2268 1186 2369 explanavit),

178 2391 405 2486 dignitatem,
425 2385 788 2478 demonstrationem,
812 2385 1074 2475 narrationem,
1089 2386 1189 2482 joca·

148 2557 153 2561 -
179 2505 316 2574 tionem
334 2500 525 2574 distribuit.
544 2497 632 2591 Sed,
649 2497 787 2570 etiamsi
804 2521 918 2595 pauca
935 2495 1021 2568 inde
1038 2497 1084 2567 ad
1101 2522 1187 2595 pro·

179 2618 339 2714 positum
356 2613 491 2686 Victori
516 2637 607 2709 opus
628 2611 815 2682 attinentia
832 2609 925 2681 trahi
946 2622 1117 2705 possunt,
1143 2608 1189 2679 lc·

179 2741 303 2823 gentes
332 2742 451 2798 tamen
486 2738 635 2796 caveant
675 2747 721 2793 ne
756 2721 843 2792 nihil
880 2721 977 2791 aliud
1017 2719 1188 2790 Herennii

179 2841 348 2938 magister
364 2839 432 2912 sibi
448 2838 618 2929 voluerit,
638 2860 753 2932 quum
770 2834 816 2905 de
834 2857 1002 2906 sermone
1023 2831 1188 2929 quaedam

180 2955 361 3054 professus
380 2969 454 3046 est,
480 2953 547 3024 nisi
577 2965 617 3021 ut
644 2949 818 3020 iudicaret
844 2972 1009 3044 quaenam
1033 2960 1188 3046 quatuor

179 3067 272 3138 illius
291 3066 450 3165 partibus
473 3064 719 3163 pronuntiatio
749 3077 785 3134 et
807 3061 905 3133 vocis
927 3060 1128 3132 moderatio
1152 3074 1188 3132 et

179 3182 297 3253 vultus
310 3196 500 3279 gestusque
513 3178 657 3249 inflexio
676 3174 885 3249 adhibenda
901 3190 1006 3248 esset.
1023 3179 1102 3246 Non
1121 3175 1186 3270 igi·

180 3310 239 3367 tur
250 3295 349 3367 omni
362 3319 403 3366 ex
417 3306 516 3391 parte
526 3291 882 3379 sermocinationem,
896 3288 1049 3360 Victoris
1059 3288 1184 3377 instar,

179 3409 351 3480 Herennii
372 3419 568 3502 praeceptor
593 3402 729 3497 legibus
753 3395 968 3497 quibusdam
995 3398 1188 3468 informare

180 3521 342 3609 tentavit,
361 3539 479 3611 neque
491 3527 681 3610 propterea
695 3513 724 3581 is
740 3528 792 3582 est
809 3511 872 3607 qui
891 3509 961 3582 dici
978 3509 1102 3608 possit,
1124 3507 1187 3578 diu

181 3649 264 3708 ante
280 3634 480 3717 Victorem,
499 3624 545 3695 de
561 3647 728 3695 sermone
741 3637 876 3695 certam
889 3620 1093 3718 regularum
1112 3619 1186 3692 for·

181 3748 317 3820 mulam
341 3760 377 3816 et
403 3737 703 3838 compositionem
729 3735 995 3834 praescripsisse.
1028 3737 1082 3805 De
1110 3732 1187 3806 aliis

180 3863 313 3961 pariter
332 3853 601 3930 concludemus.
623 3849 719 3921 Sicut
734 3873 810 3919 non
832 3848 1040 3946 negavimus
1056 3848 1187 3947 passim

222 4092 251 4146 l.
274 4087 412 4144 Rhetoric.
428 4085 470 4140 ad
482 4086 595 4140 Herenn
611 4121 620 4153 ,
635 4077 694 4153 111,
711 4077 749 4134 1³
764 4086 793 4133 et
806 4077 856 4138 ll.

1049 4173 1068 4230 6
