2738 4928
693 310 866 380 ..2-

278 460 416 555 reliqua
439 455 561 526 omnia
585 456 793 526 Latinorum
811 456 1015 549 rhetorum,
1043 483 1121 555 quae
1135 455 1280 554 quidem

278 594 461 671 superesse
478 569 628 659 scirent,
648 583 825 666 praecepta
840 585 1105 666 congesserunt.

378 1036 400 1120 S
414 1042 443 1097 Ξ.
459 1041 556 1115 Quare
567 1039 644 1098 hunc
654 1038 746 1118 ignoti
759 1038 882 1096 rhetoris
896 1038 1002 1099 librum
1017 1039 1180 1118 expendere

689 1146 871 1192 tentaverim.

328 1351 529 1441 Utcumque
543 1359 662 1415 autem
678 1369 715 1415 se
732 1370 788 1416 res
803 1344 914 1416 habet
932 1345 983 1439 (et
998 1346 1027 1416 si
1042 1371 1120 1442 quae
1131 1346 1282 1417 sentiam

276 1459 438 1558 profiteri
449 1458 542 1548 licet,
560 1456 648 1526 mihi
659 1457 731 1527 hoc
741 1457 1031 1554 opusverisimile
1043 1473 1108 1549 est,
1123 1483 1166 1528 ex
1180 1460 1282 1529 Otto-

277 1569 438 1641 boniauo
459 1567 634 1636 Vaticanae
649 1565 875 1637 bibliothecae
895 1566 1128 1638 membraneo
1158 1568 1282 1640 codice

279 1680 397 1752 sarculi
409 1680 518 1749 serme
529 1703 579 1747 xu
591 1702 612 1748 a
625 1678 718 1746 Maio
729 1678 1045 1775 editum‚primum
1055 1678 1146 1748 inter
1160 1703 1282 1749 recen·

279 1793 388 1863 tiores
401 1791 564 1860 homines
574 1789 720 1883 insignis
733 1788 881 1884 hujusce
900 1791 968 1861 viri
980 1805 1146 1860 accurato
1158 1791 1282 1862 labore

271 1928 300 1975 e
312 1903 469 1974 tenebris
483 1902 518 1971 in
530 1902 648 1970 lucem
658 1902 875 1998 emersisse),
892 1926 965 1972 non
981 1926 1282 2000 supervacaneam

267 2031 483 2111 susceptum
496 2014 539 2083 iri
555 2037 576 2083 a
592 2037 650 2082 me
660 2038 809 2111 operam
820 2014 1012 2086 arbitratus
1024 2039 1116 2104 sum,
1132 2016 1282 2112 siquam

264 2129 403 2198 ⁶ceteris
427 2127 608 2196 minorum
624 2125 717 2194 inter
741 2129 921 2197 Romanos
938 2125 1126 2197 rhetorum
1149 2128 1283 2199 artibus

272 2239 504 2310 Rhetoricam
522 2241 641 2307 Artem
667 2236 848 2333 subjunxit
873 2239 1008 2331 Maius,
1036 2263 1153 2336 pauca
1180 2255 1215 2310 et
1242 2264 1284 2312 ea

270 2351 424 2448 quidem
442 2350 578 2448 optima
594 2364 672 2419 tum
684 2349 730 2419 de
747 2349 900 2441 Victore,
914 2366 992 2421 tum
1006 2351 1050 2421 de
1066 2350 1175 2448 ipsius
1188 2350 1282 2422 libro

278 2464 456 2563 praedam,
475 2488 555 2534 eam
568 2463 676 2559 paulo
690 2462 916 2533 uberioribus
933 2464 1199 2533 commentariis
1216 2490 1282 2561 pro

277 2577 371 2648 virili
386 2592 486 2675 parte
511 2574 755 2646 instruendam
778 2575 867 2647 mihi
889 2599 1146 2674 proponerem.
1173 2581 1217 2647 Et
1239 2602 1282 2648 eo

277 2688 439 2787 profecto
453 2688 620 2758 libentius
638 2687 800 2758 animum
817 2686 942 2756 induxi
961 2701 999 2758 ut
1016 2712 1084 2786 pro
1103 2688 1236 2783 exiguis
1249 2704 1284 2760 et

279 2801 412 2895 ingenii
431 2815 467 2870 et
493 2800 663 2870 doctrinae
689 2798 818 2897 opibus
845 2798 916 2870 hoc
941 2798 1029 2869 mihi
1050 2802 1208 2871 muneris
1227 2801 1282 2871 in·

278 2912 486 2987 'choandum
512 2913 748 3009 injungerem,
781 2912 892 3008 quod,
921 2913 999 3009 ipso
1034 2915 1168 3008 Angelo
1190 2915 1282 2986 Maio

279 3039 368 3096 teste
388 3039 424 3097 et
450 3041 616 3117 auctore,
644 3050 719 3097 non
744 3024 880 3097 inutilis
900 3024 1035 3095 intente
1058 3026 1281 3121 legentibus,

280 3141 387 3212 etiam
412 3155 495 3237 post
521 3141 722 3230 Ciceronis,
757 3139 865 3210 etiam
893 3155 977 3239 post
1003 3141 1212 3228 Quintiliani
1240 3144 1285 3215 ad

280 3254 474 3326 oratoriam
528 3254 789 3326 institutionem
847 3253 1033 3326 attinentia
1080 3270 1282 3353 praecepta,

280 3364 433 3440 Victoris
454 3366 643 3439 Rhetorica
670 3373 734 3438 Ars
757 3366 947 3439 videbitur.
970 3369 1040 3439 Seu
1058 3368 1154 3439 enim
1176 3366 1222 3440 ad
1248 3369 1285 3439 id

278 3480 487 3580 compendii
503 3481 601 3552 istius
617 3478 804 3578 diligenter
821 3480 1019 3577 investigati
1035 3481 1142 3552 lectio
1157 3496 1193 3553 et
1209 3507 1283 3552 me-

279 3592 406 3665 ditatio
423 3591 599 3690 proficiat,
619 3608 658 3665 nt
671 3595 797 3666 melius
808 3592 892 3666 inde
909 3593 1159 3689 dignoscamus
1176 3619 1286 3690 quan-

281 3705 326 3778 tis
354 3703 577 3798 excogitandi
610 3704 824 3804 dicendique
853 3705 1042 3776 virtutibus
1077 3719 1116 3776 ut
1149 3722 1285 3779 ceteros

278 3816 668 3907 ‚latinorumminores
690 3818 930 3917 artigraphos,
959 3819 1007 3892 ita
1023 3819 1148 3890 Caium
1168 3821 1284 3918 ipsum

277 3922 416 4001 'tatium
431 3927 612 3998 Victorem
631 3945 860 4028 exsuperent3
883 3956 945 4002 seu
962 3956 1058 4004 nova
1070 3933 1232 4029 quaedam
1250 3947 1285 4003 et

282 4067 356 4114 non
368 4040 603 4112 annotatione
618 4041 765 4142 indigna
779 4045 877 4145 apud
889 4045 1057 4121 eumdem
1077 4060 1281 4134 occurrant;
