2738 4928
587 408 783 480 ..25-

179 552 286 624 detur
297 607 307 643 ,
320 552 502 642 hominis,
520 567 554 623 et
571 521 684 650 ignoti
701 553 824 649 utique
841 553 994 626 rhetoris
1010 556 1069 626 vix
1087 571 1184 630 certa

176 680 299 754 aetate,
328 691 400 762 qna
425 665 628 762 eloquentia
646 665 682 736 in
701 667 938 738 arctissimum
960 684 1035 740 erat
1056 657 1184 765 gyrum

179 780 386 878 compulsa,
408 777 623 874 jamdudum
645 803 665 848 a
684 779 885 852 forensibus
905 783 1042 879 magnis
1067 783 1184 854 causis

180 905 215 963 et
235 892 280 963 ab
298 893 340 962 iis
357 892 464 962 etiam
482 888 735 962 certaminibus
752 906 913 982 remota,
934 919 1011 989 quae
1030 896 1131 966 Plinii
1149 911 1185 969 et

177 1005 287 1074 Taciti
321 1019 484 1102 tempore
510 1003 691 1075 interdum
717 1004 754 1074 in
778 1021 901 1076 senatu
929 1006 1181 1104 agitabantur¹,

179 1117 260 1212 quis
284 1117 384 1189 locus
403 1142 486 1188 vere
508 1116 652 1188 excelsae
678 1133 753 1188 erat
780 1119 993 1215 eloquentiae
1018 1121 1183 1193 relictus?

180 1237 296 1327 Equa
313 1256 426 1326 quum
445 1228 550 1320 nihil,
572 1244 611 1301 ut
630 1232 817 1302 verisimile
836 1249 904 1319 est,
924 1259 1039 1331 prope
1056 1260 1183 1332 super·

181 1360 290 1434 esset,
322 1369 363 1414 ac
385 1345 460 1439 jam
491 1359 675 1413 oratorum
699 1343 927 1416 ethnicorum
958 1347 1074 1418 sarculi
1102 1363 1186 1448 post

180 1454 362 1526 Christum
391 1479 427 1524 1v
458 1452 556 1524 nulla
586 1468 676 1524 esset
710 1456 931 1548 exercitatio,
960 1459 1028 1527 nisi
1058 1474 1096 1530 ut
1122 1483 1188 1529 seu

180 1567 334 1638 humiles
361 1583 397 1638 ct
422 1567 622 1665 quotidiani
647 1568 784 1663 generis
810 1594 934 1640 causas
960 1571 1057 1668 apud
1074 1572 1185 1668 peda·

179 1705 268 1754 neos
292 1679 431 1775 judices
458 1693 620 1775 agerent,
644 1705 707 1750 scu
730 1682 951 1778 panegyricis
970 1682 1187 1778 quibusdam

181 1792 397 1864 dictionibus
424 1817 515 1864 vana
543 1793 676 1888 ingenii
697 1792 865 1890 figmenta
884 1809 920 1865 et
936 1795 1077 1866 irritum
1101 1820 1187 1867 acu·

181 1930 264 1978 men
283 1907 494 2003 adjicerent,
515 1905 602 2002 quid
619 1906 751 1975 mirum
769 1907 820 1998 si,
840 1909 995 1979 oratoria
1020 1894 1187 1979 facultate

182 2019 277 2090 adid
288 2019 499 2088 humilitatis
516 2018 696 2115 depressa,
717 2017 837 2109 immi,
856 2035 895 2090 ut
909 2022 956 2091 ita
972 2020 1111 2110 dicam,
1132 2025 1188 2113 ra·

182 2138 276 2209 bulae
302 2154 363 2210 aut
387 2138 554 2237 sophistae
581 2138 808 2236 adreptarent
822 2154 856 2210 et
872 2165 1000 2236 parum
1016 2142 1053 2210 in
1072 2165 1116 2211 eo
1132 2166 1187 2211 es·

182 2265 274 2339 sent,
298 2266 336 2321 ut
351 2250 563 2347 eloquentiae
583 2251 790 2345 dignitatem
808 2266 842 2322 et
859 2253 1014 2349 spatium
1031 2278 1096 2352 per
1108 2253 1188 2325 inti·

180 2363 274 2434 nitas
288 2364 498 2458 quaestiones
512 2363 795 2462 amplificarent?

191 2489 193 2492 ⁴
230 2480 459 2573 Hermagorae
470 2477 577 2570 igitur
593 2477 773 2574 generales
789 2476 907 2548 theses
924 2479 1087 2574 quamvis
1110 2504 1192 2551 non

182 2591 332 2660 omniuo
358 2589 550 2686 neglexerit
577 2591 700 2660 Victor
718 2590 832 2687 (quod
855 2576 1002 2687 quidem
1029 2590 1105 2662 fieri
1126 2617 1187 2663 ne·

181 2702 327 2800 quibat,
358 2728 443 2773 nam
469 2703 511 2773 iis
535 2704 635 2780 omui
652 2729 692 2775 ex
711 2719 813 2800 parte
832 2719 954 2773 orator
973 2729 1093 2774 carere
1112 2730 1186 2775 non

181 2821 334 2913 potest),
350 2816 556 2912 intelligitur
566 2830 686 2886 tamen
701 2841 765 2885 cur
779 2804 837 2886 eas
852 2831 972 2886 noster
989 2841 1062 2886 uon
1077 2818 1188 2890 animi

181 2928 308 2999 eadem
337 2929 536 3000 intentione
560 2943 596 2999 et
620 2953 725 3016 cura,
757 2953 827 3024 qua
853 2928 990 3024 antiqui
1026 2928 1191 3002 rhetores

182 3064 224 3110 ac
242 3041 435 3139 praesertim
453 3041 592 3131 Cicer0‚
611 3039 930 3111 commendaverit.

110 3152 112 3156 ’
211 3157 310 3223 ¹Non
330 3152 470 3249 longius
489 3153 526 3223 in
550 3154 592 3224 iis
615 3152 985 3248 immorabimnrquae
1001 3155 1125 3224 Victor
1139 3155 1187 3252 ¹ab

181 3270 400 3363 Hermagora
418 3266 535 3355 duxit,
556 3291 630 3337 non
657 3267 757 3364 quod
775 3291 849 3337 non
869 3290 1073 3362 possemuS,
1097 3267 1127 3337 si
1150 3267 1189 3337 li-

181 3377 300 3468 beret,
316 3405 382 3478 per
400 3379 559 3476 singulas
585 3393 844 3478 praeceptorum
868 3379 1188 3476 exemplorumque

181 3492 315 3571 formas
326 3508 361 3565 et
374 3495 507 3592 species
517 3495 909 3590 evagari,quaeGraecus
921 3489 1187 3563 rhetorGallico

173 3606 317 3688 rhetori
335 3608 497 3706 praebuit.
529 3607 600 3678 Sed
622 3632 735 3703 quum
759 3605 885 3678 eadem
902 3605 938 3674 in
958 3603 1000 3673 iis
1017 3602 1188 3680 omnibus

161 3707 254 3812 ¹fere
279 3736 481 3793 occurreret
504 3720 709 3810 conclusio,
728 3720 783 3791 his
807 3718 968 3790 contenti
986 3742 1064 3814 quae
1080 3743 1188 3814 gene-

180 3834 284 3919 ratim
305 3834 350 3906 de
370 3840 597 3932 Hermagorae
616 3835 780 3907 doctrina
803 3835 840 3904 in
859 3831 1011 3904 Victoris
1027 3831 1187 3903 eretori·

180 3971 261 4020 oam
272 3948 440 4021 translata
454 3949 622 4039 diximus,
636 3947 721 4020 hinc
739 3948 903 4049 protinus
920 3945 964 4016 ad
984 3943 1187 4033 uberrimos

219 4186 249 4241 t.
271 4183 347 4245 run.
361 4183 570 4256 sun.,11,u.
