2738 4928
580 355 776 441 ÷26-
853 432 856 436 ,

176 507 358 593 Ciceronis
395 505 506 604 ipsius
553 518 586 574 et
624 496 836 591 Quintiliani
872 505 988 579 sontes
1020 520 1180 578 transea-

176 645 271 704 mus.
1190 697 1192 700 ,

219 715 436 826 Priusquam
466 743 586 800 autem
613 753 751 799 novum
774 727 862 805 illud
887 729 1040 803 materiae
1067 754 1182 826 genus

178 829 222 928 ex
243 829 371 917 ordine
392 866 666 943 persequamur,
687 867 801 941 pauca
817 841 863 913 de
882 841 941 914 illa
960 843 1098 941 praefari
1118 868 1182 913 ne-

179 982 278 1031 cesse
294 972 357 1028 est.
378 959 457 1027 Non
475 955 524 1027 ibi
537 954 709 1026 doctrinae
725 970 865 1026 tantum
884 971 1062 1054 praecepta
1086 980 1184 1051 quae·r

180 1068 264 1149 dam
272 1068 623 1170 passimeveteribus
642 1067 859 1159 rhetoribus,
874 1083 914 1139 ut
926 1073 1181 1164 Hermagorea,

179 1184 339 1257 eruenda
354 1183 590 1270 inveniemus,
600 1181 664 1252 sed
674 1181 959 1279 praestantissima
975 1180 1052 1278 ipsa
1067 1178 1186 1255 claris·

180 1295 355 1371 simorum
368 1298 460 1368 inter
477 1295 637 1368 rhetores
648 1296 793 1364 Latinos
811 1294 1038 1391 ingeniorum
1055 1294 1188 1392 scripta

180 1409 219 1509 in
236 1423 408 1510 promptu
420 1421 537 1479 erunt.
558 1391 645 1494 Quae
663 1431 736 1502 quo
748 1406 852 1503 plura
869 1421 904 1476 et
916 1405 1082 1477 uberiora
1099 1430 1186 1503 sup-

180 1521 401 1620 peditantur,
412 1545 456 1591 eo
472 1518 578 1589 nobis
595 1519 757 1616 parciore
776 1517 957 1613 diligentia
973 1543 1056 1588 cum
1064 1519 1187 1588 Victo·
1252 1524 1256 1530 ’

181 1635 230 1736 ris
258 1658 368 1732 opere
402 1631 643 1719 conferentur.
673 1636 795 1726 ltaque
822 1631 916 1703 inter
949 1654 990 1702 ea
1023 1628 1188 1723 selegisse

182 1737 344 1820 contenti
357 1771 434 1843 quae
449 1745 654 1836 summatim
677 1746 985 1843 comparationem
1008 1743 1104 1814 illam
1125 1767 1188 1812 ex-

186 1861 360 1969 primant,
379 1858 479 1931 nulla
488 1858 556 1935 alia
573 1883 616 1928 ex
635 1857 738 1938 Tullii
752 1871 787 1929 et
800 1857 899 1930 Fabii
912 1857 1076 1929 oratoriis
1089 1855 1191 1928 libris

184 1965 443 2073 de'cerpemus,
469 1972 538 2042 nisi
564 1995 643 2068 quae
672 1996 753 2041 curn
782 1969 1010 2066 dijudicanda
1035 1969 1190 2052 Victoris

185 2085 374 2157 Rhetorica
384 2088 467 2156 Arte
476 2108 623 2184 prorsus
632 2099 844 2180 congruant.
861 2088 938 2156 Non
950 2084 1073 2156 omnia
1083 2084 1191 2155 etiam

185 2188 266 2302 loca
284 2199 487 2270 minutatim
509 2197 714 2270 notabimus
734 2223 813 2295 quae
834 2199 1023 2296 saepissime
1044 2196 1090 2269 ad
1111 2222 1192 2269 ver-

185 2309 272 2382 bum
291 2310 470 2381 transtulit
484 2335 524 2380 ac
544 2310 611 2380 sibi
630 2311 764 2381 furatus
776 2325 828 2381 est
843 2311 979 2398 Victor,
995 2310 1058 2382 sed
1069 2310 1193 2409 praeci-

186 2448 259 2527 pua
281 2437 420 2493 tantum
444 2421 816 2494 animadversionibus
839 2422 1012 2496 illustrare
1038 2422 1192 2495 tentabi-

188 2558 288 2626 mus,
303 2549 359 2636 ‘ut
383 2533 469 2614 inde
485 2534 586 2606 facile
607 2534 653 2605 de
676 2536 822 2624 ceteris,
841 2561 920 2634 quae
938 2535 1082 2614 anobis
1101 2534 1192 2606 forte

188 2647 364 2761 praeterita
385 2647 536 2739 luerint,
554 2646 707 2744 judicari
723 2649 847 2751 possit.

239 2758 412 2856 Pleraque
432 2785 559 2831 eorum
585 2760 782 2857 dequibus
809 2760 868 2832 ille
894 2775 975 2860 post
1004 2784 1194 2835 causarum
1223 2834 1225 2838 Α

190 2880 301 2940 status
313 2881 349 2938 et
365 2892 575 2940 communes
587 2884 880 2965 argumentorum
893 2867 994 2940 locos
1008 2871 1192 2961 tractavit,

190 2979 364 3079 perducta
380 3007 494 3082 prope
515 3008 629 3081 usque
647 2981 693 3053 ad
713 2983 830 3081 ipsum
854 2983 1061 3080 compendii
1085 2983 1195 3056 totius

190 3093 315 3186 finem,
328 3095 482 3194 exceptis
495 3094 636 3167 duobus
647 3096 779 3169 ultimis
789 3097 834 3168 de
844 3097 1143 3168 sermocinatione
1154 3121 1196 3168 ac

191 3193 237 3279 de
254 3199 616 3307 epistolis'capitibus,
630 3209 702 3281 hoc
718 3225 787 3302 est,
807 3225 1066 3308 praeceptorum
1081 3223 1196 3281 extre·

191 3344 250 3420 rna
259 3346 342 3420 pars
355 3321 485 3421 quibus
503 3322 661 3394 inventio
679 3324 897 3415 continetur,
914 3349 955 3395 ac
973 3322 1103 3417 deinde
1116 3346 1197 3420 quae

190 3432 545 3531 ad‘dispositionem,
566 3435 612 3508 ad
636 3436 889 3527 elocutionem,
911 3437 958 3508 ad
983 3436 1199 3507 memoriam.

191 3543 237 3615 ad
254 3547 587 3645 pronuntiationem
609 3573 650 3620 ac
669 3546 823 3644 denique
840 3548 884 3619 ad
905 3547 1197 3619 exercitationem

192 3648 366 3762 spectant,
377 3683 505 3731 nunce
518 3661 704 3756 Cicerone,
718 3685 815 3730 nunc
826 3686 845 3731 e
857 3660 1077 3747 Quintiliano
1088 3659 1197 3733 ducta

194 3773 288 3842 sunt.
313 3773 455 3865 Cetera,
480 3797 559 3870 quae
584 3773 620 3843 in
639 3771 707 3843 hac
729 3772 880 3843 rhetoris
899 3773 1012 3845 nostri
1030 3786 1132 3870 parte
1152 3797 1197 3845 ex

192 3875 263 3956 alio
274 3885 372 3956 tonte
388 3900 472 3965 sunt
485 3885 656 3977 derivata,
671 3884 794 3977 deberi
810 3885 1002 3959 verisimile
1018 3900 1071 3957 est
1085 3885 1200 3968 cuivis,

192 3991 253 4069 alii
270 3998 455 4070 rhetorum
481 4024 606 4071 eorum
630 3998 676 4070 de
700 3998 830 4096 quibus
850 4025 957 4098 supra
974 3997 1197 4071 mentionem

193 4113 358 4206 lecimus3
372 4116 437 4187 sed
454 4116 645 4213 quoniam,
663 4131 703 4188 ut
717 4115 856 4191 dictum
871 4132 936 4208 est,
954 4141 1029 4201 nou
1043 4116 1199 4194 aliorum
