2738 4928
594 342 644 360 ..
666 302 718 376 64
740 340 790 358 ..

184 460 216 532 si
238 457 285 531 ab
310 481 354 530 eo
380 455 439 527 die
463 477 538 551 quo
565 443 769 547 eloquentia
794 459 920 547 pacata
943 455 1036 538 erat,
1064 440 1105 515 id
1139 452 1192 514 est

185 594 357 671 oppressa
367 583 403 641 et
415 567 586 639 exstincta
599 568 732 656 Romae,
745 560 920 633 rarissime
931 572 993 631 aut
1003 577 1194 654 nunquam

184 685 357 782 deinceps
382 682 485 753 locus
507 680 572 750 fuit
592 676 804 774 eloquentiae
818 673 968 769 hujusce
995 667 1191 760 miraculis,

187 820 344 894 quorum
376 791 616 864 immortalem
644 789 838 887 imaginem
866 786 904 856 in
930 782 1096 856 oratoriis
1120 783 1193 855 suis

187 908 359 1007 operibus
375 910 424 978 M.
443 904 577 976 Tullius
594 903 758 993 tradidit,
777 899 1029 1001 sermocinatio
1056 911 1094 969 et
1115 897 1194 995 epi·
1218 951 1221 956 -

188 1019 288 1091 stolae
304 1019 429 1090 saltem
451 1015 499 1088 ad
517 1015 604 1087 illud
623 1029 659 1087 et
674 1013 818 1086 dicendi
833 1029 870 1085 et
886 1009 1068 1086 scribendi
1084 1033 1196 1106 genus

188 1132 313 1204 referri
331 1144 504 1229 possunt,
531 1129 632 1227 qnod
659 1153 846 1225 nunquam
873 1127 1017 1216 interit,
1037 1139 1074 1197 et
1096 1121 1198 1222 quod

188 1267 331 1343 semper
358 1269 425 1315 usu
445 1241 664 1331 celebratum
692 1257 727 1313 et
753 1240 1037 1337 frequentatum,
1060 1237 1197 1312 idcirco

189 1354 408 1446 firmissimo,
420 1371 456 1427 et
471 1380 585 1452 usque
597 1381 680 1427 cum
694 1369 837 1426 aetatum
848 1353 1071 1451 singularum
1080 1351 1206 1425 diver··

189 1468 352 1542 sitatibus
379 1468 608 1559 renovando,
641 1481 902 1566 praeceptorum
930 1464 1052 1539 ordini
1076 1463 1200 1538 locum

190 1581 385 1682 praebeant.
411 1581 521 1668 Quod
540 1581 709 1677 equidem
735 1604 810 1651 non
827 1577 1029 1670 infitiab0r3
1049 1592 1202 1651 caveant

192 1709 314 1766 tamen
330 1694 482 1766 lectores
499 1693 648 1789 nequid
665 1692 781 1788 majus
797 1706 859 1763 aut
880 1691 980 1764 aliud
1005 1716 1027 1765 a
1053 1693 1201 1765 Victore

192 1825 410 1909 exspectent,
428 1835 538 1906 quarn
552 1809 657 1906 'quod
673 1810 711 1878 in
723 1808 858 1880 ultimis
869 1808 964 1880 illius
975 1807 1060 1880 libri
1075 1809 1200 1908 capiti·

192 1924 261 1997 bus
277 1924 465 2022 reperitur.
484 1928 646 2020 Namque
663 1923 693 1993 si
710 1923 847 2020 primus
860 1939 896 1995 et
913 1924 1040 1996 unicus
1056 1925 1200 1997 etiame

193 2035 397 2109 rhetoribus
413 2037 564 2128 Latinis,
591 2061 749 2132 quorum
772 2061 884 2134 opera
906 2036 1141 2135 superfuere,
1164 2038 1202 2110 in

185 2149 384 2220 'Rhetorica
406 2151 489 2219 Arte
516 2147 682 2243 quaedam
707 2148 753 2219 de
778 2149 1045 2221 sermocinandi
1068 2165 1106 2222 et
1129 2150 1202 2249 epi-

193 2263 303 2335 stolas
316 2263 457 2335 ratione
466 2260 730 2349 conscribendi,
747 2262 953 2359 vulgaribus
966 2263 1115 2336 dicendi
1131 2289 1203 2338 ma·

195 2377 389 2472 gistrorum
405 2374 602 2473 disciplinis
618 2374 789 2471 subjecit,
819 2400 893 2447 uon
918 2377 1094 2448 continuo
1111 2377 1203 2450 illius

195 2489 234 2559 in
269 2487 447 2558 rhetorica
484 2487 652 2559 docendo
690 2489 858 2560 novitatis
890 2491 1059 2588 princeps
1099 2491 1204 2565 inisse

197 2600 466 2673 existimandus
482 2616 546 2672 est.
570 2606 704 2673 Contra
725 2617 845 2673 autem
872 2603 1063 2675 verisimile
1083 2620 1139 2676 est
1155 2602 1205 2678 'de

173 2712 325 2787 :iisdem
351 2714 508 2786 materiis
534 2715 678 2786 Latinos
707 2715 796 2786 alios
821 2717 983 2789 rhetores
1014 2733 1203 2808 tractasse;

197 2826 356 2925 quorum
382 2827 530 2899 forsitan
552 2852 572 2899 e
594 2826 694 2900 libris
711 2830 865 2901 Victoris
879 2830 953 2905 duo
970 2845 1132 2904 extrema
1145 2856 1206 2907 ca·

197 2941 272 3036 pita
289 2954 351 3010 aut
375 2939 543 3012 translata
560 2956 657 3034 sunt,
676 2956 737 3012 aut
760 2968 889 3040 parum
913 2943 1115 3038 immutata,
1145 2960 1207 3019 aut

179 3107 183 3112 .
198 3051 237 3120 in
251 3052 436 3146 angustius
452 3055 607 3151 spatium
621 3071 811 3128 coarctata.
824 3061 1068 3155 Quaecumque
1085 3073 1208 3133 autem

177 3218 180 3225 .
200 3162 285 3254 sint,
301 3177 337 3233 et
354 3187 583 3262 quocumque
608 3167 719 3239 modo
739 3168 929 3265 dijudicari
945 3171 1004 3244 illa
1019 3188 1204 3271 oporteat,

177 3277 284 3348 satis
312 3292 453 3349 constat
481 3279 542 3349 diu
572 3296 654 3353 ante
679 3283 879 3376 Victorem,
908 3285 971 3357 diu
994 3287 1105 3358 etiam
1124 3301 1208 3360 ante

178 3432 181 3436 ·
201 3390 431 3483 Ciceronem,
451 3416 526 3463 non
547 3394 656 3465 semel
672 3395 771 3493 apud
789 3400 931 3470 Graecos
954 3399 1051 3472 edita
1067 3425 1145 3474 esse
1161 3402 1208 3474 de

176 3556 179 3561 -
200 3506 502 3577 sermocinatione
524 3520 560 3577 et
584 3506 630 3579 de
655 3508 812 3607 epistolis
828 3528 1016 3611 praecepta.
1038 3518 1209 3588 Praeterea

201 3618 355 3689 Tullium
382 3619 706 3693 animadvertemus
728 3621 832 3716 alibi,
856 3648 966 3722 quam
984 3626 1021 3697 in
1044 3629 1208 3702 oratoriis

202 3726 324 3819 libris,
353 3731 518 3826 quaedam
546 3731 592 3804 de
617 3735 746 3807 iisdem
770 3736 878 3809 rebus
901 3739 1009 3830 mira,
1033 3754 1074 3810 ut
1096 3742 1206 3833 solet,

202 3844 378 3913 sermonis
404 3845 577 3940 elegantia
594 3849 855 3944 perstrinxisse,
875 3866 910 3922 et
931 3853 969 3923 in
992 3852 1072 3950 ipso
1098 3853 1208 3926 Fabio

203 3955 415 4052 paucissima
441 3959 587 4053 quidem
612 3963 758 4060 vestigia
774 3965 811 4036 in
826 3964 921 4038 hanc
937 3966 1125 4040 materiam
1140 3965 1207 4038 du·

204 4067 319 4140 centia
332 4066 654 4169 deprehendemus.
