2738 4928
186 434 378 535 auctoritas
392 434 476 527 lert,
488 460 548 509 eas
560 462 638 534 quae
650 437 830 536 longiores
842 444 924 542 sint,
936 461 976 517 et
988 447 1136 543 quidam
1146 450 1196 535 de
1217 445 1219 449 ⁸

185 548 332 619 diversis
344 548 450 619 rebus
459 563 639 644 tractatus,
652 553 775 626 abillis
788 582 876 653 quas
889 558 1076 637 familiares
1086 562 1190 657 dicit,

183 660 309 745 sedulo
320 661 525 763 distinguat.
538 669 660 762 ltaque
671 665 805 765 duplici
815 672 1047 767 epistolarum
1057 678 1188 773 specie,

183 799 294 870 quarn
313 774 359 856 ab
381 775 483 859 initio
501 778 624 876 capitis
638 783 849 879 proposuit,
863 788 991 857 'omnia
1009 814 1087 885 quae
1102 815 1189 873 oon-

138 896 141 898 ’
182 889 254 988 cipi
271 891 411 987 possint
428 906 463 963 et
478 891 569 989 ellici
582 892 783 971 litterarum
808 923 938 994 genera
957 903 1191 1001 comprehen-

180 999 257 1094 dit;
277 1002 483 1090 etidcirco,
500 1016 540 1073 ut
564 1001 670 1088 nobis
698 1005 846 1101 quidem
877 1009 1032 1099 videtur,
1062 1011 1190 1086 latiore

179 1115 343 1210 quodam
351 1115 500 1193 verioris
509 1115 839 1221 doetrinaeamhitu,
852 1148 960 1219 quam
970 1128 1186 1221 Demetrius,

180 1227 1190 1335 CiceroneetQuintilianoducibus,cuncta,perdivisio·

180 1363 265 1428 nem
275 1364 390 1430 suam,
404 1364 481 1437 quae
490 1340 536 1411 ad
546 1342 716 1438 epistolas
729 1359 904 1441 spectant,
919 1348 1126 1447 complexus
1136 1367 1189 1433 est

180 1453 322 1565 Victor,
325 1454 395 1540 Qui
405 1477 449 1525 eo
459 1454 590 1525 rectius
599 1455 649 1526 ita
658 1473 833 1560 praecepta
845 1459 1189 1561 advariosepistola·

179 1590 354 1668 numusus
367 1567 665 1657 accommodavit,
679 1583 797 1641 ettam
806 1570 931 1670 longas
943 1600 1052 1671 quam
1061 1576 1187 1650 breves

179 1680 448 1777 rocepit,modo
459 1705 506 1760 ne
518 1680 977 1780 iniisepistolarisquaedam
988 1687 1102 1761 forma
1111 1715 1191 1762 cor·

180 1807 419 1891 rumperetur,
429 1790 529 1889 quod
541 1816 650 1863 nemo
663 1793 939 1893 dissentietquin
954 1800 1187 1897 epistolarum

178 1921 241 1985 aut
251 1905 400 2004 longum
412 1921 472 1976 aut
485 1905 595 1977 hreve
605 1907 844 2005 spatiumesse
855 1909 996 2000 debeat,
1010 1930 1120 2011 prout
1130 1942 1186 1989 res

179 2019 226 2091 de
241 2019 373 2117 quibus
386 2020 501 2115 agitur
513 2020 637 2115 paucis
649 2035 710 2090 aut
720 2021 840 2093 multis
855 2025 1075 2122 exponendae
1086 2045 1182 2102 sunt.

179 2137 303 2230 Itaque
328 2133 515 2204 salsissime
533 2133 726 2229 Gregorius
744 2135 1092 2235 Nazian'zenus¹,‚qui
1110 2167 1184 2214 non

180 2248 293 2344 magis
310 2272 420 2344 quam
435 2248 559 2319 Cicero
578 2260 612 2317 et
625 2247 865 2333 Quintilianus
878 2265 911 2320 et
925 2251 1047 2322 Victor
1058 2253 1105 2345 de
1113 2259 1184 2327 De·

177 2361 307 2443 metrio
317 2360 489 2458 loquitur,
498 2385 611 2456 quum
620 2360 784 2456 quaedam
797 2362 842 2434 de
855 2365 1013 2462 epistolis
1027 2367 1073 2437 ad
1084 2369 1184 2441 Nico-

176 2473 304 2557 bulum
321 2475 476 2547 amicum
486 2474 723 2568 mittit,modo
742 2477 882 2548 Persico
893 2477 1055 2569 schoeno,
1072 2483 1183 2555 modo

179 2613 377 2685 puerorum
403 2587 531 2658 cubitis
548 2586 806 2669 dimetiendam
825 2615 899 2660 esse
915 2590 1113 2665 litterarum
1127 2595 1184 2668 vel

177 2699 412 2789 breuitatem,
437 2699 495 2771 vel
526 2699 810 2793 magnitudinem
843 2703 944 2796 dicit,
982 2722 1091 2800 prout
1126 2709 1183 2791 vel

176 2837 311 2912 pauca,
331 2813 386 2884 vel
402 2813 531 2901 multa,
548 2812 604 2884 vel
622 2837 758 2910 parva,
779 2812 836 2885 vel
854 2838 983 2911 magna
1002 2833 1106 2908 sunt,
1137 2819 1182 2899 de

177 2924 308 3023 quihus
324 2927 440 3024 agitur
454 2940 489 3006 et
505 2926 719 3024 disputatur,
735 2927 889 3022 negotia.
904 2928 1011 3025 Quod
1025 2929 1100 3026 ipse
1116 2935 1184 3005 De·

176 3040 323 3123 metrias
338 3039 563 3137 aliquatenus
578 3040 736 3134 agnovit,
756 3042 818 3136 qui
838 3065 1103 3138 nonnunquam
1116 3045 1184 3115 ela·

175 3152 285 3235 tiones
301 3153 467 3252 epistolas
481 3152 558 3232 fieri
572 3151 756 3243 concedit,
772 3153 835 3224 sed
851 3154 889 3224 in
905 3179 948 3224 eo
968 3156 1078 3226 nimia
1092 3182 1182 3254 prae·

177 3265 340 3363 cipientis
353 3265 675 3364 rigiditatepeccat,
691 3266 791 3362 qnod
802 3266 912 3347 nimia
924 3266 1112 3341 sedulitate
1126 3295 1183 3342 ca·

176 3379 248 3469 rit,
260 3405 309 3462 ne
320 3380 368 3450 ad
378 3379 571 3462 uoluminis
581 3379 734 3455 sormam
744 3379 895 3477 epistola
907 3406 1068 3476 unquam
1081 3407 1183 3457 aoce-

176 3491 540 3582 dnretQuamobrem
548 3492 1182 3589 melius,qnamDemetrius,insua1n

177 3601 222 3692 de
239 3606 399 3703 epistolis
420 3606 591 3682 doctrinae
615 3603 901 3703 descriptionem,
911 3607 1035 3677 Victor
1052 3623 1181 3681 cuncta

176 3715 320 3790 dicendi
341 3744 469 3815 genera
483 3720 641 3808 reduxit,
658 3734 718 3790 aut
735 3719 850 3809 civile,
873 3733 933 3790 aut
949 3718 1177 3811 historicum,

175 3845 237 3902 aut
253 3833 439 3922 eruditius,
451 3831 547 3904 velut
562 3833 598 3905 in
607 3831 848 3938 philosophia,
867 3831 1001 3929 aliquid
1018 3857 1181 3932 compre-

221 4070 250 4129 l.
272 4068 362 4148 Greg.
377 4071 448 4130 Naz.
462 4069 556 4144 Epist.
573 4087 602 4125 u
617 4066 675 4142 (ed.
687 4064 773 4140 ,Paris
788 4069 894 4148 iulo),
906 4066 981 4137 ,alias
994 4088 1068 4137 cerr.
