2738 4928
514 369 563 388 ..
589 331 708 404 13·-

111 479 263 552 sandum
280 479 340 568 sit,
356 501 467 576 quam
483 493 593 550 status
612 502 741 570 causae,
761 481 798 550 in
818 505 905 578 quo,
920 483 1028 556 veluti
1043 509 1113 558 ne-

111 592 262 664 cessario
279 591 442 697 cardine,
463 617 504 663 ea
521 593 697 685 innititur,
715 593 799 664 inde
813 594 965 668 efficitur
982 613 1022 669 ut
1040 601 1112 699 pri·-

111 731 211 776 mum
238 709 477 802 Hermagorea
504 706 641 777 ratione
665 707 787 778 Victor
812 709 848 778 in
878 711 1046 783 omnibus
1071 714 1113 786 iis

112 820 263 910 insistat,
279 846 359 918 quae
377 820 424 891 ad
440 845 630 891 causarum
646 834 755 893 status
774 823 829 894 vel
842 826 1114 900 constitutiones

111 937 324 1007 referuntur.
346 936 468 1031 ltaque
485 936 531 1006 ab
546 936 707 1031 asystatis
724 937 848 1034 incipit
859 940 881 1030 ¹,
901 939 1023 1030 idest,
1042 951 1114 1014 ma·

113 1048 209 1119 teriis
223 1049 353 1145 quibus
364 1048 524 1121 conditio
543 1049 657 1139 deest,
679 1073 744 1119 cur
761 1048 844 1120 inde
862 1055 1114 1126 controversiae

112 1176 147 1231 et
163 1186 349 1233 causarum
373 1177 483 1233 status
506 1163 680 1254 oriantur,
701 1177 736 1232 et
758 1187 911 1259 quarum
936 1164 1113 1238 declama·

113 1276 194 1345 torii
212 1278 349 1372 generis
364 1277 527 1372 exempla
541 1301 561 1346 a
576 1281 601 1344 F
603 1277 849 1369 ortunatian0,
873 1302 894 1347 a
910 1277 1114 1350 Rhetorices

114 1388 238 1483 ignoto
257 1406 401 1460 auctore
424 1390 607 1485 Augustini
631 1414 763 1460 nomen
792 1390 878 1460 falso
908 1394 1115 1464 continente

116 1507 300 1598 expressa¹
320 1503 496 1596 ‘congessit
512 1503 647 1573 Victor.
672 1503 849 1600 Deinceps
871 1528 980 1593 vero,
1001 1506 1116 1602 expla-

113 1618 204 1684 natis
234 1615 331 1691 hisce
356 1614 475 1686 verbis
502 1640 582 1711 quae
609 1616 645 1685 in
674 1615 860 1687 rhetorum
886 1615 979 1686 ludis
1006 1621 1115 1714 vulgo

114 1741 305 1824 usurpata,
324 1733 361 1798 τὸ
384 1732 567 1824 κρινόμενον,
588 1732 754 1825 ἀπόφασιν,
785 1732 899 1810 αἴτιον,
925 1733 1113 1826 κατάφασιν,

114 1845 235 1935 συνέχον
260 1841 372 1911 Graeci
398 1841 701 1938 appellaverant⁸,
721 1841 776 1913 ¹ad
801 1843 897 1939 ipsos
928 1868 1118 1914 causarum

21 1974 24 1980 ·
115 1953 278 2048 pervenit
290 1967 413 2042 status,
431 1978 473 2023 ex
484 1953 628 2050 quibus,
640 1959 866 2050 Hermagorae
877 1955 1000 2045 instar,
1013 1957 1118 2026 ratio·

117 2065 215 2135 nales
243 2081 410 2161 quatuor,
440 2065 699 2160 conjecturam,
732 2065 859 2157 finem,
889 2067 1114 2162 qualitatem,

119 2177 387 2271 translationem
396 2178 454 2248 vel
463 2177 673 2248 rationalem
683 2179 739 2249 vel
746 2179 909 2272 legalem,
920 2179 1047 2272 legales
1061 2205 1120 2250 au·

118 2305 191 2360 tcrn
202 2291 507 2389 quatuorpariter,
520 2291 640 2388 scripti
650 2291 897 2379 etvoluntatis,
906 2292 1024 2385 legum
1032 2310 1119 2362 con-

117 2404 322 2496 trariarum,
346 2403 606 2491 collectionem,
625 2398 890 2499 ambiguitatem
905 2405 1116 2501 distinguit⁸.

119 2520 283 2604 Quorum
307 2519 428 2616 statim,
449 2516 672 2614 singulorum
698 2532 814 2614 partes
839 2519 1009 2615 exemplis
1026 2519 1120 2590 illus·

119 2642 204 2721 trat,
230 2632 441 2728 plerumque
462 2629 508 2701 ad
530 2631 694 2701 materias
717 2630 793 2701 illas
819 2619 1120 2702 declamationum

120 2743 392 2838 pertinentibus,
405 2767 492 2838 quas
506 2742 542 2810 in
560 2740 690 2812 scholis
708 2742 764 2836 agi
780 2742 900 2811 solitas
916 2741 1022 2811 refert
1036 2767 1119 2813 auc·

120 2869 177 2926 tor
194 2856 327 2951 dialogi
342 2856 388 2925 de
404 2855 526 2925 Causis
538 2868 715 2950 corruptae
733 2851 957 2948 eloquentiae,
976 2869 1121 2925 contro·

120 2969 242 3038 versiis
261 2969 474 3066 plerumque
492 2967 623 3036 similes
645 2967 717 3037 sive
735 2991 756 3037 a
778 2969 912 3037 Seneca
933 2980 1034 3064 patre
1051 2965 1123 3038 col·

121 3081 233 3170 lectis,
250 3081 324 3153 sive
336 3107 356 3153 a
370 3078 743 3167 Pseudo-Quintiliano
756 3079 924 3151 tractatis.
939 3079 1122 3150 Interdum

122 3208 241 3264 tamen
270 3194 407 3292 prolata
430 3220 452 3266 a
477 3195 617 3265 Victore
643 3193 804 3290 exempla
828 3217 848 3262 e
880 3192 1027 3262 meliore
1041 3192 1122 3262 elo-

124 3308 277 3403 quentiae
308 3309 406 3378 loute
435 3307 554 3389 ,tullio
581 3307 709 3377 hausta
733 3319 828 3376 s'unt.
857 3308 940 3375 Mox
969 3331 1123 3401 quarum

125 3420 236 3490 modo
248 3423 429 3522 recensuit
447 3436 564 3519 partes
588 3419 885 3492 constitutionum
907 3418 1045 3505 Victor,
1070 3440 1140 3486 ear

125 3531 302 3604 rumdem-
317 3548 351 3605 et
374 3534 601 3606 rationalium
623 3546 659 3601 et
683 3531 850 3626 legalium
868 3528 974 3600 locos
998 3527 1125 3599 eodem

147 3757 149 3763 '
167 3752 196 3810 l.
219 3751 289 3808 nt.
302 3748 389 3823 vict,
404 3751 624 3820 delineatione,
640 3698 760 3825 capdn,
777 3765 806 3824 p.
826 3749 892 3803 5-7.
909 3761 914 3768 ·

167 3842 196 3895 2.
220 3839 263 3898 Cf.
286 3838 316 3896 in
330 3842 453 3918 Cappct‘.
478 3838 546 3897 edit.
563 3837 799 3896 Fortunatianum
814 3857 844 3915 p.
862 3840 917 3910 55,
933 3837 1126 3917 Augustiuum

126 3948 157 4007 p.
169 3930 252 4078 ἐξ.
268 4022 296 4078 J.
311 4017 475 4096 Vict.,‘cap.
491 4037 531 4088 n,
547 4021 657 4096 p.‘t·9.
684 4027 689 4036 '

168 4112 197 4165 l.
220 4107 311 4181 Ibin,
325 4127 388 4185 cap.
407 4114 459 4180 ιιι,
472 4127 504 4186 p.
521 4110 604 4167 Ml.
701 4141 704 4145 ·
