2738 4928
576 351 628 371 -
650 314 724 387 ttss
749 353 798 368 -

182 458 638 538 acnaudelrrcatasuntet
628 489 801 562 inspersa
816 466 1006 558 AtVictor,
1014 468 1193 541 constanti

178 597 303 656 vetera
328 582 449 654 omnia
474 582 591 654 studia
608 599 643 654 et
656 607 780 681 opera,
797 610 947 656 suorum
963 584 1191 658 admirationi

176 683 291 792 atque
329 694 520 766 imitationi
559 691 789 795 proponendi
834 700 1143 771 consuetudine
1134 725 1191 770 m-

182 807 327 911 ductae,
342 832 418 878 nou
435 809 546 906 magis
561 808 609 880 de
623 809 826 882 dramaticis
840 812 1029 908 aequalium
1043 836 1192 886 strorum

180 898 311 994 fabulis
332 921 507 1018 frequenti
523 947 632 993 manu
652 924 850 1014 versandis,
876 950 986 1022 qnam
1005 926 1050 996 dc
1068 925 1194 997 ceteris

182 1034 395 1109 eorumdem
420 1051 481 1108 aut
503 1037 668 1108 oratoriis
685 1039 1015 1132 exercitationibus,
1037 1053 1099 1111 aut
1116 1062 1195 1110 ora·

182 1147 357 1239 tionibus,
378 1162 440 1218 aut
470 1146 586 1240 libris,
617 1149 903 1223 admonitionem
925 1096 1122 1247 quaindam
1155 1150 1194 1224 in

181 1260 439 1358 compendium
457 1285 561 1331 suum
578 1261 723 1350 inserit,
754 1287 825 1359 qua
847 1276 1010 1334 recentes
1037 1263 1195 1357 ingenio·

181 1397 270 1443 rum
284 1373 416 1444 fructus
431 1373 653 1471 aliquatenus
670 1375 908 1472 comprobare
919 1375 1095 1446 videatur.
1111 1377 1193 1460 Quo

182 1482 284 1576 fitur,
297 1487 454 1560 sincerus
464 1486 545 1558 licet
555 1512 596 1558 ae
608 1486 792 1583 religiosus
804 1486 970 1558 Tullianae
979 1485 1194 1583 eloquentiae

183 1596 392 1687 admirator,
405 1624 518 1697 quum
528 1598 618 1669 nibil
628 1599 726 1691 inde,
740 1599 812 1671 sive
823 1599 860 1671 iu
877 1625 982 1671 suum
1000 1624 1104 1696 opus,
1121 1598 1194 1668 sive

182 1708 220 1780 in
237 1728 415 1810 praecepta
436 1739 515 1810 quae
541 1738 562 1784 a
585 1709 700 1784 Tullio
725 1714 891 1802 assumit,
912 1735 1138 1810 generosum,
1160 1724 1195 1782 et
1241 1750 1243 1754 ·

183 1845 205 1892 a
221 1838 350 1920 sponte
367 1851 431 1897 sua
445 1825 598 1923 plurima
615 1824 774 1897 creantis*
794 1827 926 1922 ingenii
948 1826 1082 1922 impetu
1109 1847 1196 1920 pro·

184 1933 333 2028 lectum,
356 1939 543 2008 transferat
561 1961 603 2007 ac
628 1963 745 2033 perse
769 1937 932 2031 adjiciat,
952 1935 1040 2006 nibil
1061 1933 1195 2006 alinde

183 2045 363 2118 veteribus
380 2050 524 2121 dicendi
539 2051 712 2147 magistris
737 2065 844 2148 atque
866 2051 973 2122 etiam
996 2049 1192 2134 Cicerone,

184 2173 225 2230 ut
252 2159 429 2251 diximus,
449 2164 524 2233 nisiv
530 2161 745 2258 jamdudum
777 2163 961 2258 vulgatum
987 2177 1022 2231 et
1043 2160 1194 2230 omnino

184 2271 302 2343 sterile
335 2290 531 2346 mutuetur.
570 2274 755 2372 Quidquid
789 2276 895 2369 igitur
929 2274 1015 2345 recti
1043 2271 1191 2367 judicii,

184 2383 362 2481 quidquid
379 2388 453 2457 veri
467 2412 609 2480 sensus,
632 2385 679 2457 ad
698 2387 735 2457 id
753 2386 855 2458 relati
879 2384 978 2483 quod
999 2377 1127 2482 aptum
1144 2398 1196 2471 est

183 2520 226 2569 ac
243 2496 365 2588 decet,
386 2500 564 2596 quidquid
581 2500 718 2597 saporis
745 2523 788 2569 ex
810 2499 963 2594 antiquae
985 2494 1196 2591 eloquentiae

184 2608 422 2682 admiratione
455 2627 562 2708 atque
599 2611 914 2683 commendatione
952 2608 1050 2679 ducti
1087 2606 1195 2678 babet
1283 2682 1308 2697 ,7

185 2725 227 2794 C.
256 2721 368 2793 lulius
392 2725 524 2816 Victor,
554 2724 591 2794 id
624 2724 671 2795 ad
703 2723 791 2793 nihil
819 2713 914 2793 aliud
941 2720 1101 2818 prodest,
1127 2718 1195 2788 nisi
1285 2723 1286 2726 ’

185 2849 225 2906 ut
241 2838 427 2908 manifesta
444 2838 751 2934 argumentatione
768 2836 1001 2924 demonstret,
1020 2846 1196 2927 quantum

186 2969 295 3046 opera
314 2949 456 3021 obscuri
478 2950 636 3020 hominis
652 2950 688 3020 iu
707 2948 836 3019 scbolis
858 2959 1064 3017 constanter
1089 2943 1195 3013 innu-

186 3062 272 3152 triti,
292 3077 398 3159 atque
415 3065 452 3132 in
474 3063 572 3133 libris
592 3062 719 3132 lrustra
741 3057 1014 3157 impallescentis
1036 3053 1192 3151 optimis,
1249 3102 1255 3121 .

186 3174 326 3244 irritum
342 3175 595 3246 tautummodo
609 3198 703 3245 sanae
718 3170 931 3268 eloquentiae
949 3191 1110 3238 amorem
1127 3179 1197 3234 tes-

186 3299 317 3357 tentur.
342 3287 438 3360 Talia
455 3311 610 3383 namque
629 3310 739 3383 opera
758 3284 855 3354 nulla
873 3283 1011 3352 ratione
1035 3293 1198 3373 tempora

187 3412 222 3469 et
240 3398 357 3469 studia
371 3415 405 3469 et
415 3398 551 3496 judicia
567 3398 726 3468 indicare
742 3409 908 3493 possunt,
927 3393 1000 3462 sive
1012 3403 1197 3459 oratorum

187 3523 222 3582 et
238 3513 467 3609 scriptorum,
486 3513 559 3582 sive
577 3509 777 3581 communis
791 3505 981 3576 hominum
997 3499 1122 3589 turbae,
1136 3501 1199 3596 qui
1228 3522 1230 3526 ⁴

186 3648 249 3694 eos
268 3639 330 3696 aut
347 3623 498 3696 audiunt
515 3639 575 3695 aut
594 3622 728 3719 legunt.
753 3619 860 3706 Quod
878 3617 1040 3716 prolecto
1062 3612 1199 3684 Victori

189 3751 336 3864 nostro,
357 3736 519 3833 quamvis
541 3733 714 3832 quasdam
733 3731 781 3802 ob
799 3730 931 3827 ingenii
952 3727 1067 3819 dotes,
1090 3723 1200 3795 Galli-

187 3872 271 3919 cum
284 3849 359 3946 jam
374 3872 539 3946 saporem
555 3844 717 3917 redolere
733 3842 888 3914 nobis
856 3867 951 3913 visus
968 3840 1036 3929 sit,
1054 3838 1196 3910 accidit

187 3965 383 4060 Propterea
398 3962 494 4032 enim
509 3959 610 4087 quod
628 3957 741 4028 multo
759 3955 887 4051 magis,
905 3977 1014 4049 quam
1030 3950 1196 4040 decebat,

186 4098 209 4147 a
224 4074 449 4172 temporibus
465 4074 536 4144 suis
555 4086 600 4144 et
605 4067 813 4142 hominibus
832 4081 867 4138 et
882 4058 1067 4138 laboribus
1086 4087 1125 4134 se
1142 4085 1198 4132 re-
