2738 4928
567 345 788 419 -lll-

177 495 260 570 cubi
271 519 382 567 vernt
406 521 423 561 r
440 497 557 592 Prope
573 507 640 584 est,
659 494 746 585 ait·¹,
765 506 849 590 utte
864 515 1012 590 arguere
1026 488 1179 563 debean
1207 573 1211 580 ,

177 614 277 714 quod
301 611 432 687 soeculo
458 627 584 682 nostro
602 611 808 683 Tullianum
832 608 964 708 stylum
979 610 1083 683 lamae
1099 630 1196 722 Pal*-

176 753 241 801 cus
256 727 460 800 invideas.»
1143 773 1145 777 ·

167 909 170 914 ,
225 841 309 915 Dies
343 839 503 939 prolecto
542 863 601 910 me
642 835 785 909 deficiat
822 863 864 909 ex
895 834 1202 936 Symmachianir,

177 954 337 1053 epistolis
371 963 619 1054 excerpentem
653 975 888 1049 quecumque
920 950 1069 1043 utiliter,
1097 972 1182 1035 cun

176 1071 207 1137 J.
226 1069 270 1137 C.
284 1066 436 1138 Victoris
449 1067 652 1166 praeceptis,
675 1089 737 1136 seu
752 1063 894 1136 diversa
912 1064 976 1136 seu
995 1086 1182 1155 consonan

176 1179 242 1269 tia,
263 1179 416 1259 conferri
431 1195 596 1279 possunt.
616 1183 736 1266 Quare
750 1176 912 1276 opusculi
930 1177 1044 1248 nostri
1066 1175 1182 1274 spatio
1214 1264 1220 1278 1

176 1306 321 1364 coactus
347 1291 528 1385 desinam,
561 1317 603 1364 ea
634 1290 751 1364 obiter
779 1288 876 1388 apud
900 1287 1183 1387 Symmachum,⁸

177 1405 470 1478 animadvertisse
480 1418 684 1492 contentus,
704 1427 783 1500 quae
799 1403 843 1474 ad
863 1401 1023 1474 comicos
1039 1401 1133 1473 sales
1146 1414 1182 1474 ct

176 1543 300 1592 versus
324 1519 542 1611 commode,
560 1517 761 1590 secundum
788 1519 827 1586 C.
856 1520 888 1587 J.
918 1516 1118 1607 Victorem,
1143 1515 1182 1586 in

177 1631 619 1729 epistolastransferendos
633 1630 800 1732 attinent,
816 1643 851 1700 et
863 1653 943 1726 quoe
956 1652 1079 1700 revera
1091 1651 1183 1727 sepe

177 1741 214 1812 in
237 1766 275 1812 ιν
307 1757 342 1813 et
359 1766 384 1809 r
408 1742 525 1813 saeculi
552 1740 784 1840 epistolarum
809 1741 1060 1838 scriptoribus,
1081 1739 1183 1813 veihi

177 1856 288 1952 gratia
320 1854 469 1926 Sidonio
501 1854 711 1954 Apollinari,
745 1853 1084 1952 deprehenduntur3
1120 1854 1182 1926 seu

177 1966 326 2064 quiasic
344 1981 482 2038 veteres
499 1965 731 2064 epistolarum
749 1981 911 2037 auctores
926 1967 1084 2055 fecerant
1098 1964 1183 2045 inde

179 2103 199 2149 a
224 2078 337 2149 Tullio
353 2079 518 2177 principe
539 2094 575 2150 et
599 2094 758 2170 auctore,
787 2104 850 2150 sen
867 2079 1013 2152 forsitan
1034 2081 1121 2177 quia
1135 2078 1186 2151 sio

178 2191 256 2264 heri
272 2190 403 2263 dehere
421 2192 584 2264 rhetores
600 2193 638 2263 in
656 2192 800 2286 scholis,
816 2193 1127 2291 quemadmodum
1144 2216 1185 2265 an

179 2309 220 2377 C.
239 2308 270 2375 J.
290 2306 415 2376 Victor
437 2305 476 2374 in
495 2304 691 2376 rhetorices
711 2305 943 2403 compendiO,
966 2305 1184 2377 docuerunt.

180 2419 268 2502 Quae
285 2417 409 2488 omnia
429 2416 556 2488 sedulo
578 2441 600 2488 a
625 2442 684 2489 me
709 2441 753 2489 ex
769 2418 974 2514 Symmachi
999 2419 1124 2491 litteris
1146 2419 1187 2490 in

180 2530 382 2626 superiores
392 2530 556 2628 opusculi
572 2529 643 2601 mei
654 2531 800 2627 paginas
814 2530 981 2603 translata
995 2545 1099 2626 sunt,
1110 2555 1187 2603 non

181 2657 220 2714 ut
237 2644 364 2741 puerili
381 2643 502 2715 studio
521 2668 756 2741 quaecumque
771 2645 952 2715 memoriae
967 2644 1053 2716 inde
1074 2645 1188 2717 obre*

182 2756 335 2848 nissent,
349 2773 482 2829 temere
492 2781 741 2855 congererem,
753 2758 818 2828 sed
831 2772 870 2829 ut
882 2782 1012 2855 eaquae
1021 2760 1189 2857 protinus

182 2885 377 2966 sequentur
394 2871 530 2942 firmius
540 2868 807 2943 concluderem.
820 2874 871 2941 Ex
884 2869 940 2941 his
953 2870 1050 2941 enim
1068 2872 1188 2944 omui-

182 2981 265 3070 bus,
285 3007 364 3079 qnae
378 2983 543 3081 superius
560 2981 703 3054 anobis
723 2998 785 3055 aut
801 2983 931 3081 scripta
949 2998 1190 3082 atttexoerpta

184 3108 281 3186 sunt,
301 3097 343 3164 C.
363 3099 394 3164 J.
416 3096 597 3166 Victorem
621 3109 656 3166 et
673 3096 928 3191 Symmachum
950 3112 1048 3195 patet
1061 3097 1189 3194 (quern

184 3205 364 3297 libentius,
377 3231 485 3303 quam
497 3209 659 3305 quemvis
668 3208 776 3280 alium
789 3209 951 3305 ejusdem
961 3210 1026 3282 aevi
1037 3211 1189 3309 scripto-
1240 3300 1242 3305 Ι

185 3344 280 3412 rem,
300 3344 385 3390 cnm
411 3320 554 3393 rhetore
574 3335 698 3392 nostro
728 3322 964 3414 contulimus,
996 3325 1186 3420 quoniam,

185 3433 282 3504 velut
293 3433 364 3523 hic,
378 3449 461 3532 apta
473 3436 629 3532 epistolis
641 3450 815 3533 praecepta
832 3438 963 3535 passim
973 3437 1133 3528 tradidit,
1148 3461 1191 3508 ac

184 3560 356 3646 praeterea
367 3545 571 3638 Gallicanae,
589 3562 630 3618 ut
643 3546 772 3618 latetur
788 3548 877 3647 ipse,
890 3547 1062 3621 sacundiae
1072 3550 1188 3621 alum·

186 3683 256 3730 nus
264 3658 357 3755 snit),
371 3657 437 3728 sibi
448 3659 599 3730 invicem
610 3659 740 3731 similes
752 3661 937 3754 exstitisse,
947 3661 1046 3758 quod
1056 3662 1193 3760 ingenti

188 3788 338 3871 uterque
358 3775 478 3847 studio
496 3777 679 3872 antiquam
695 3801 717 3847 a
732 3777 846 3848 Tullio
862 3793 1014 3851 auctore.
1030 3795 1191 3852 exortam

233 4041 262 4097 l.
286 4040 397 4114 Symm.
422 4040 530 4112 Epist„
545 4042 604 4116 IX,
621 4061 667 4102 cv.

228 4130 258 4189 Ξ.
283 4125 342 4203 ld,
359 4124 443 4202 ibid,
458 4131 527 4205 VII,
542 4149 589 4203 ¹¹3
604 4132 648 4188 IX
652 4179 664 4205 ,
678 4152 799 4191 uxxnv.
