2738 4928
569 317 789 389 -l50—

179 459 377 534 christianae
390 461 602 559 eloquentiae
614 487 696 533 acer
710 476 745 532 et
757 459 896 532 vividus
908 460 1055 558 spiritus
1071 458 1182 556 ignee

178 575 308 645 mentis
321 591 355 645 et
368 575 526 674 impetus
538 575 771 671 adjuncturus
784 573 918 683 spisset,
934 572 1048 643 sinon
1063 572 1105 643 in
1115 597 1182 670 ,pa-

177 712 271 784 gano
290 712 411 760 errore
424 689 603 784 jacuisset.
624 685 818 783 Ceteroqui
834 699 961 783 praeter
985 683 1182 758 laudandas

178 801 331 871 Victoris
359 800 495 897 aliquot
512 815 547 872 et
564 801 765 876 verissimas
784 800 950 888 virtutes,
967 797 1061 869 illius
1075 800 1183 871 etiam

178 913 263 984 vitia
277 913 459 985 utilia-esse
468 913 627 984 arbitrati
641 939 763 984 sumus
774 927 811 981 ut
820 911 929 1009 paulo
940 908 1183 1006 melius-hujus

178 1041 260 1099 aetas
281 1026 562 1120 dignosceretur.
581 1026 740 1096 Tandem
763 1023 957 1096 commoda
979 1022 1046 1093 alia
1070 1047 1183 1119 pauca

179 1139 356 1238 persecuti
372 1165 510 1227 sumus,
534 1161 670 1238 qureex
693 1137 845 1208 rhetoris
869 1137 982 1217 nostri
1001 1135 1094 1206 libro
1119 1136 1182 1206 du·

179 1251 293 1322 canda
311 1266 440 1338 essent,
454 1267 487 1321 et
499 1252 675 1322 continuo
689 1251 735 1321 ad
750 1251 970 1347 praecipuam
983 1249 1079 1320 illius
1092 1249 1184 1323 Rhe·

177 1365 307 1436 torices
320 1367 595 1463 preceptionem
610 1365 839 1455 devenimus,
859 1388 969 1460 quam
985 1362 1032 1432 ad
1046 1387 1181 1434 sermo·

178 1477 398 1549 cinationem
414 1494 452 1549 et
469 1479 636 1578 epistolas
652 1480 837 1576 pertinere
857 1477 1033 1565 diximus,
1053 1491 1089 1546 et
1107 1501 1183 1573 quae

177 1589 305 1681 fusius,
320 1615 429 1686 quam
442 1608 575 1679 cetera,
596 1617 615 1663 a
633 1593 740 1663 nobis
759 1591 949 1688 explicata,
970 1590 1113 1673 tertiam
1131 1604 1183 1661 to-

178 1702 248 1773 tius
261 1694 373 1772 nostri
392 1704 555 1800 opusculi
567 1720 726 1801 partem,
740 1730 822 1775 cnm
837 1701 1183 1800 generalibustribus

176 1815 448 1910 insequentibus
466 1817 759 1889 conclusionibus
772 1819 899 1889 effecit.
951 1802 952 1805 Ἴ

225 1929 405 2007 Victorem
430 1955 663 2026 qrraecrunque
688 1931 733 2001 de
760 1930 1060 2002 sermocinatione
1084 1929 1183 2002 etde

177 2043 336 2141 epistolis
353 2045 543 2140 scripserit,
557 2044 603 2115 ab
616 2047 738 2139 ignoto
756 2043 860 2115 nohis
878 2042 1021 2124 rhetore
1034 2043 1183 2116 adv-er-

174 2154 265 2228 hum
295 2158 556 2255 transcripsisse
587 2157 751 2247 forsitan,
780 2158 945 2228 diximus.
981 2160 1183 2253 Utcumque

176 2291 264 2340 vero
284 2265 329 2337 de
341 2268 399 2338 illa
418 2294 456 2340 re
474 2271 639 2342 homines
656 2273 823 2360 sentiant,
844 2285 964 2341 tamen
984 2283 1125 2339 constat
1142 2293 1183 2340 ex

177 2379 357 2450 veteribus
374 2382 511 2472 cunctis
529 2383 761 2481 scriptoribus
775 2383 929 2480 plurima
945 2380 1025 2453 loca
1042 2382 1183 2479 excerpi

179 2515 297 2588 posse,
313 2492 386 2562 sive
399 2493 496 2590 apud
512 2499 668 2587 Graecos,
684 2498 757 2568 sive
768 2495 865 2593 apud
875 2497 1035 2586 Latinos,
1048 2521 1129 2592 quae
1139 2494 1183 2567 ad

177 2603 387 2674 ultimorum
423 2605 577 2679 duorum
610 2610 761 2681 Victoris
794 2609 989 2680 rhetorices
1026 2609 1184 2705 capitum

178 2717 363 2787 materiam
378 2717 587 2791 referantur.
606 2723 731 2794 Cicero
749 2722 974 2821 peculiariter
989 2746 1031 2792 ac
1048 2721 1186 2809 Quinti-

127 2821 130 2826 ’
176 2826 637 2930 lienusinspersaquaedam
654 2835 799 2907 etfacile
810 2834 1009 2932 colligenda
1020 2834 1066 2904 de
1078 2834 1184 2905 nebus

178 2939 222 3011 iis
249 2941 421 3038 praebent,
443 2970 521 3041 quae
544 2947 591 3017 ad
618 2949 956 3020 sermocinationem
975 2947 1181 3044 pertinent,

179 3066 214 3121 et
233 3077 321 3148 quas
341 3054 528 3152 rhetorum
544 3062 733 3158 ‚praeceptis
762 3085 835 3131 non
865 3060 972 3131 luisse
996 3059 1185 3131 instructas

176 3162 309 3234 Tullius
340 3184 557 3262 conquestus
585 3188 648 3241 est.
684 3175 812 3268 Magna
840 3174 940 3261 item,
975 3171 1184 3259 Quintiliani

176 3282 659 3372 tempore,„sermocinationi
676 3285 784 3354 etiam
799 3285 835 3354 in
852 3283 1057 3381 eloquentia
1074 3285 1184 3356 virtus

176 3410 220 3470 ac
239 3386 391 3483 dignitas
409 3390 581 3486 assignata
601 3410 689 3465 erat.

222 3487 309 3564 'Haec
328 3494 373 3565 de
395 3496 538 3570 dnobus
565 3502 729 3573 extremis
748 3505 787 3572 C.
808 3501 890 3572 lolii
913 3504 1068 3575 Victoris
1087 3505 1186 3602 capi·

177 3603 273 3684 tibus
284 3606 437 3705 praefati,
456 3612 664 3684 vicesimum
681 3614 756 3708 ejus
774 3630 809 3686 et
828 3631 967 3692 sextum
986 3615 1033 3688 de
1046 3642 1186 3690 sermo·

178 3718 358 3794 cinctione
379 3738 487 3819 caput
515 3738 629 3796 totum
658 3728 962 3826 transcripsimus,
989 3730 1124 3826 inquo
1141 3729 1186 3812 de

178 3826 353 3918 sermonis
373 3848 409 3904 et
425 3861 487 3906 nsu
507 3853 541 3909 et
558 3840 675 3935 pretio
692 3855 727 3912 et
741 3841 930 3913 virtutibus
946 3857 1007 3913 aut
1025 3843 1133 3934 vitiiS,
1152 3825 1187 3915 et

172 3943 377 4035 rationibus
394 3973 472 4041 quae
491 3950 590 4024 illum
608 3955 710 4025 omni
720 3954 908 4051 elegantiae
929 3981 1060 4054 genere
1080 3981 1184 4030 exor-

178 4072 266 4140 nent
279 4114 289 4148 ,
304 4076 480 4157 praecepta
507 4063 662 4139 breviter
683 4068 841 4140 tradidit.
868 4070 1188 4155 sermocinationis
