2738 4928
565 328 786 402 -405-

178 476 311 549 sessum
327 493 566 571 transeamus,
595 504 707 580 pauca
732 481 774 551 iis
792 479 944 576 adjicere
960 480 1079 573 liceat,
1096 508 1175 580 quae

176 590 316 687 singula
337 593 482 689 singulis
497 594 610 689 ignoti
626 592 777 668 rhetoris
800 595 846 665 de
861 608 1009 692 utraque
1024 621 1063 667 re
1086 621 1176 694 prae-

176 704 291 801 ceptis
324 705 552 801 subjecimus.
590 706 698 794 Quod
732 708 761 777 si
793 708 939 778 minutis
981 709 1054 798 iis,
1088 735 1176 806 quas

175 816 331 888 vicissim
355 818 402 888 ad
418 819 492 892 duo
519 819 642 890 ultima
664 819 816 892 Victoris
839 821 1044 893 Rhetorices
1061 825 1178 921 capita

176 929 416 1022 contulimus,
448 931 760 1030 disputationibus,
796 933 976 1029 generales
1004 934 1178 1032 quasdam

133 1094 136 1101 -
179 1043 454 1117 conclusionum
496 1044 627 1116 formas
660 1046 851 1140 addemus,
887 1047 963 1120 haec
1002 1049 1178 1147 imprimis

176 1155 379 1255 colligenda
407 1174 443 1231 et
470 1160 506 1229 in
532 1159 667 1230 lumine
683 1160 954 1257 quodammodo
969 1161 1181 1235 collocanda

176 1294 254 1343 esse
279 1270 384 1344 nobis
405 1273 585 1363 videntur,
617 1299 695 1370 quae
709 1300 823 1371 quum
843 1300 886 1346 ex
910 1277 1010 1346 omni
1027 1275 1180 1348 Victoris

177 1383 224 1455 de
254 1385 442 1457 rhetoricis
470 1387 603 1459 artibus
632 1389 828 1476 breviario,
865 1404 943 1459 tum
974 1413 1018 1459 ex
1047 1389 1180 1460 ultimis

177 1494 276 1567 hisce
305 1497 466 1593 ejusdem
493 1500 654 1599 opusculi
686 1500 860 1599 capitibus
890 1500 991 1573 facile
1021 1500 1181 1572 derivata

178 1607 263 1679 duci
291 1624 455 1708 possunt.
481 1615 563 1681 Haec
585 1611 691 1707 igitur
718 1614 763 1683 ad
791 1626 861 1684 tres
884 1613 961 1684 illas
985 1614 1181 1711 praecipuas

178 1738 471 1819 argumentorum
484 1725 639 1795 rationes
653 1727 773 1796 omnia
787 1750 862 1796 esse
876 1724 1078 1796 revocanda
1089 1724 1183 1796 arbi·¹

179 1850 269 1907 tror.
288 1839 405 1909 Primo
423 1837 554 1908 scilicet
571 1837 672 1927 lucc,
691 1843 730 1908 C.
751 1839 863 1909 Julius
879 1838 1000 1909 Victor
1014 1837 1182 1910 Tullianae

180 1947 392 2045 eloquentiae
413 1948 576 2021 assiduus
593 1964 695 2022 estet
712 1950 999 2046 diligentissimus
1017 1951 1055 2021 in
1082 1951 1184 2022 omni

180 2061 359 2145 scribendi
372 2079 407 2136 et
420 2063 565 2135 dicendi
576 2090 704 2160 genere
717 2065 845 2138 fautor.
859 2064 1025 2136 Secundo
1038 2079 1178 2150 autem,

179 2175 264 2246 inde
276 2175 316 2247 lit
326 2191 365 2247 ut
375 2178 559 2273 religiosus
575 2178 728 2275 antiquae
739 2171 916 2249 'facundiae
933 2192 968 2248 et
981 2177 1183 2275 scriptionis

181 2287 388 2378 admirator,
408 2288 619 2387 plerumque
635 2291 671 2360 in
687 2293 901 2361 mutationes
914 2289 991 2361 illas
1007 2288 1184 2361 sentiendi

184 2415 217 2473 et
228 2401 424 2498 eloquendi
440 2401 642 2494 invehatur,
662 2426 749 2497 quas
766 2427 860 2477 nova
877 2417 959 2501 post
973 2402 1184 2474 Ciceronem

182 2529 388 2613 temporum
404 2513 520 2586 studia
546 2514 755 2607 attulerant,
775 2517 899 2590 inanes
917 2540 1047 2613 nempe
1064 2514 1181 2586 decla·

181 2628 437 2715 matiuuculas,
464 2643 499 2699 et
521 2627 601 2725 plus
630 2652 733 2725 aequo
762 2627 889 2699 densas
907 2623 1121 2713 sententias,
1149 2639 1184 2695 et

183 2766 330 2813 omnem
348 2743 383 2812 iu
398 2741 618 2839 panegyricis
634 2741 833 2832 licentiam,
854 2755 889 2810 et
904 2755 1041 2810 ceteros
1057 2739 1094 2807 in
1111 2735 1185 2807 elo·

185 2853 260 2948 quii
273 2853 443 2925 acumine
457 2877 499 2923 ac
513 2853 630 2922 nitore
641 2851 766 2945 judicii
782 2873 936 2938 errores,
949 2873 1040 2946 quos
1055 2848 1184 2917 incon-

184 2967 282 3039 sultae
312 2966 535 3039 audientium
565 2963 838 3035 acclamationes
868 2977 973 3058 atque
1000 2961 1112 3032 nimia
1142 2960 1184 3031 iis

184 3079 349 3178 placendi
380 3078 606 3150 recitantium
639 3077 771 3175 cupido
814 3077 1033 3147 invexerant.
1068 3073 1184 3149 Tertio

186 3193 360 3291 denique,
377 3193 530 3265 libenter
553 3192 734 3264 Victorem
758 3190 964 3288 suspiceris,
996 3189 1069 3258 sive
1093 3186 1186 3257 illius

184 3309 343 3400 virtutes,
357 3308 430 3380 sive
448 3307 532 3379 vitia
544 3305 749 3397 contuleris,
762 3304 983 3377 Gallicorum
998 3302 1186 3373 rhetorum

186 3417 336 3515 ingeniis
352 3442 583 3490 communem
600 3415 793 3513 quemdam
808 3438 975 3511 saporem
992 3426 1027 3482 et
1042 3425 1187 3506 gustum

186 3530 367 3622 redolere,
397 3556 440 3603 ac
455 3547 623 3630 praeterea
640 3527 700 3598 illa
719 3528 797 3625 ipsa
816 3524 1042 3624 praeceptoris
1058 3523 1187 3595 severi·

187 3659 276 3736 tate,
292 3638 363 3740 qua
379 3644 543 3741 quaedam
557 3644 747 3739 vituperat,
769 3663 844 3709 non
863 3638 981 3708 minus
1002 3660 1111 3731 quam
1127 3634 1188 3709 illa

189 3758 403 3848 assiduitate,
423 3782 495 3853 qua
507 3758 645 3827 diversa
659 3752 822 3851 quaedam
839 3751 968 3822 iterum
986 3749 1188 3846 iterumque

191 3868 389 3960 collaudat,
425 3894 500 3939 non
535 3866 646 3939 modo
677 3865 854 3937 Gallicum
883 3862 1089 3964 rhetorem,
1123 3857 1188 3931 sed

190 3984 294 4056 etiam
312 4010 350 4056 rv
369 3983 486 4056 saeculi
502 3982 690 4054 hominem
705 3978 831 4051 videri.
1170 4064 1173 4069 g

234 4096 339 4165 Nunc
349 4093 504 4192 primam
520 4089 737 4187 generalium
744 4087 914 4159 harumce
923 4078 1188 4175 totiusVictoris
