2738 4928
586 328 784 400 ...85-

182 489 318 566 mcum,
337 472 436 546 etad
455 472 624 574 epistolas
650 492 686 549 et
713 476 759 550 ad
785 500 932 550 omnem
959 477 1188 578 scriptionem

181 587 273 660 bene
290 587 403 685 loqui.
428 617 446 655 n
467 593 584 677 Quem
602 605 638 661 et
652 590 761 689 hujus
778 590 904 690 capitis
921 605 956 663 et
974 593 1083 663 totius
1100 615 1189 690 ope-

180 701 228 772 ris
243 699 352 772 linem
368 699 446 772 haec
470 703 579 774 verba
597 703 867 801 subsequuntur
887 730 895 774 :
920 732 936 771 ι(
958 703 1110 802 Explicit
1128 707 1191 776 Ars

180 814 372 885 Rhetorica
389 817 429 885 C.
450 815 533 887 Julii
545 817 697 888 Victoris
716 815 862 887 feliciter
878 821 1119 912 Hermagorae,
1131 815 1191 887 Ci-

179 925 336 1015 ceronis,
349 926 572 1019 Quintiliani,
584 928 713 1026 Aquili,
725 928 985 1017 Marcomanni,
1000 927 1156 998 Taciani.
1171 958 1189 993 »

229 1036 546 1124 Quemadmodum
580 1039 626 1110 de
659 1064 845 1129 sermone,
878 1040 926 1110 ita
955 1038 1001 1109 de
1031 1037 1192 1137 epistolis

164 1158 167 1163 ’
180 1150 343 1247 quaedam
354 1151 493 1223 ratione
507 1152 608 1223 etvia
621 1153 759 1250 primus
770 1153 978 1223 Latinorum
988 1149 1189 1243 rhetorum,

180 1287 273 1358 quos
300 1263 446 1359 quidem
476 1287 750 1359 cognoscamus,
768 1264 893 1334 Victor
910 1263 1116 1360 precepisse
1135 1261 1193 1332 di·

181 1374 318 1445 cendus
337 1389 403 1462 est,
422 1376 506 1472 quia
524 1375 618 1446 illins
634 1389 734 1447 aetate
759 1400 835 1446 non
856 1375 894 1445 in
912 1374 1053 1445 minore
1068 1373 1189 1471 pretio

183 1500 219 1556 et
248 1510 332 1575 usu,
355 1484 413 1556 vel
442 1485 540 1581 apud
563 1485 726 1558 ethnicos
754 1487 810 1557 vel
834 1487 933 1585 apud
961 1484 1188 1579 christianos,

182 1621 291 1693 quam
300 1596 566 1686 sermocinatio,
582 1597 680 1668 varia
690 1597 920 1694 epistolarum
933 1621 1063 1694 genera
1078 1599 1194 1670 incre·

113 1709 116 1716 ’
179 1706 345 1779 buerant.
359 1711 543 1795 Quantum
560 1709 670 1798 enim,
683 1723 722 1779 ut
739 1734 847 1805 supra
865 1709 1033 1801 diximus,
1054 1711 1193 1809 species

181 1807 308 1893 omnes
325 1846 416 1894 verae
435 1836 470 1893 et
488 1821 633 1894 excelsae
652 1822 864 1920 eloquentiae
882 1848 1107 1921 paganorum
1123 1823 1194 1894 ho·

179 1936 320 2006 minum
351 1936 502 2007 societas
519 1951 581 2006 aut
598 1938 762 2008 amiserat
784 1953 846 2008 aut
863 1952 1093 2037 corruperat,
1114 1951 1193 2008 tan·

179 2063 257 2120 tum
287 2064 349 2120 aut
376 2049 537 2119 utilitatis
562 2065 624 2120 aut
646 2050 880 2143 jucunditatis
897 2065 959 2121 aut
975 2051 1194 2121 necessitatis

180 2160 292 2256 gratia
323 2159 483 2258 epistolae
515 2159 573 2231 vel
603 2161 797 2259 negotiales
827 2162 884 2233 vel
910 2163 1099 2233 familiares
1129 2161 1195 2260 (ut

181 2272 337 2343 Victoris
364 2272 543 2344 divisione
565 2275 679 2370 utar),
706 2275 854 2370 singulis
884 2274 1011 2347 diebus
1038 2291 1073 2347 et
1099 2276 1195 2347 inter

183 2388 418 2483 imperatores
429 2388 738 2486 magistratusque,
752 2405 787 2460 et
797 2390 889 2461 iuter
902 2388 1062 2461 eruditos
1077 2390 1188 2481 viros,

180 2499 283 2570 sicuti
298 2499 495 2608 Ausonium
513 2514 547 2571 et
565 2501 835 2598 Symmachum,
848 2518 883 2575 et
900 2490 993 2575 inter
1010 2504 1191 2601 principes

183 2610 429 2709 litteratosque
443 2611 641 2708 homines¹,
662 2629 698 2686 et
711 2616 805 2687 inter
826 2640 1074 2713 quoscumque
1099 2615 1192 2684 ami-

184 2749 248 2795 cos
261 2722 425 2797 adhiberi
441 2725 615 2798 solebant.
629 2732 752 2824 ltaque
764 2752 877 2823 quum
896 2728 1015 2797 omnis
1032 2728 1105 2797 fere
1117 2728 1194 2823 jam

181 2837 323 2908 occasio
348 2837 557 2911 sublimitati
580 2838 725 2910 dicendi
744 2838 840 2936 apud
857 2862 1018 2935 paganos
1039 2837 1191 2928 deesset,

181 2974 224 3022 ac
236 2965 311 3023 tota
323 2977 437 3051 prope
451 2953 664 3049 eloquentiae
678 2951 890 3048 magnitudo
905 2966 940 3023 et
953 2952 1082 3023 veritas
1094 2952 1192 3051 apud

180 3064 394 3137 christianos
414 3065 582 3138 translata
596 3081 703 3157 esset;
720 3091 834 3164 quum
847 3065 1034 3137 rarissimis
1049 3067 1091 3136 iis
1103 3081 1194 3138 tem-

180 3201 312 3267 porum
324 3180 515 3251 momentis
531 3179 661 3276 quihus
673 3205 711 3250 se
723 3178 912 3277 paululum
925 3179 1072 3251 dilatare
1088 3194 1191 3276 potc-

180 3304 235 3360 rat
246 3290 473 3362 ethnicorum
486 3294 676 3364 hominum
689 3292 814 3382 dictio,
827 3292 926 3378 velut
940 3292 998 3362 die
1008 3316 1083 3386 quo
1093 3294 1195 3384 Sym-

182 3402 331 3474 machus
344 3405 509 3474 Victoriae
521 3420 674 3476 statuam
687 3406 725 3474 in
740 3417 866 3474 senatu
884 3400 1098 3474 servandam
1117 3425 1194 3473 esse

183 3517 334 3605 censuit,
356 3515 557 3585 christianae
578 3515 753 3587 facundiae
769 3516 822 3585 vis
848 3529 884 3584 et
911 3514 1104 3585 auctoritas
1128 3537 1194 3611 per

184 3627 412 3699 Ambrosium
436 3628 640 3723 Symmachi
657 3627 870 3724 elegantiam
888 3625 1079 3715 obrueret,
1095 3651 1194 3700 nunc

183 3740 336 3811 Romani
352 3739 495 3837 imperii
512 3765 633 3811 rerum
655 3741 893 3837 gerendarum
917 3737 1102 3836 quoddam
1127 3763 1192 3838 per

222 3930 254 3987 l.
276 3925 332 3984 Adi
345 3926 421 3984 inter
438 3926 558 3999 hujusce
574 3928 688 4008 generis
702 3928 853 4007 epistolas,
868 3945 932 3985 eam
946 3945 1034 4004 quam
1048 3923 1194 3984 honorifi-

183 4015 356 4076 centissimis
379 4013 478 4074 verbis
500 4015 537 4074 ad
560 4018 721 4078 Ausonium
747 4016 928 4076 Theodosius
951 4017 1047 4074 senior
1067 4013 1192 4094 scripsit.

183 4107 282 4180 (Inter
290 4111 401 4166 Auson.
414 4109 612 4184 Epigramm.)
