2738 4928
669 317 864 390 ..46-

210 561 213 566 1
265 472 375 569 perit,
402 469 499 556 Maio
520 468 755 538 assentiamur
779 463 961 563 profitenti
990 489 1137 562 prorsus
1166 490 1267 539 com·

265 582 428 654 mendari
439 580 589 650 Victoris
606 578 832 674 (lignitatem,
845 575 908 656 ,vel
924 575 973 646 ob
991 576 1063 648 dua
1087 593 1269 676 postrema

264 709 436 767 tractatus
453 695 582 792 capita.
607 696 661 762 De
677 690 807 787 quibus
820 690 920 787 plura
937 703 1061 787 postea
1079 689 1268 788 explanare

265 809 494 881 tentabimus.
518 812 620 876 Nunc
637 819 757 876 autem
773 803 939 893 breviter,
961 819 1000 873 ut
1017 827 1160 875 necesse
1178 820 1267 899 erat,

270 922 419 992 Victoris
433 918 637 990 Rhetoriees
649 917 878 988 materiarum
892 913 1019 986 ordine
1033 917 1208 1012 expositO,
1226 943 1270 991 ea

264 1033 422 1131 primum
446 1033 482 1101 in
499 1031 579 1102 luce
598 1029 774 1101 collocare
791 1044 827 1099 et
840 1027 1036 1127 dijudicare
1055 1029 1269 1101 conabimur

266 1172 345 1244 quae
359 1161 394 1216 et
404 1143 590 1242 quomodo
601 1143 647 1214 ab
655 1148 917 1237 Hermagorae
926 1142 1111 1234 Cicerone,
1124 1167 1144 1214 a
1156 1145 1270 1230 Quin·

268 1260 391 1331 tiliano
405 1260 474 1330 sibi
489 1273 612 1328 mutua
625 1253 986 1353 assumpseritVictor
998 1267 1033 1325 et
1043 1255 1208 1325 translata
1222 1256 1271 1327 ad

267 1395 359 1469 opus
383 1397 487 1442 suum
515 1368 860 1459 accommodaverit,
887 1369 934 1438 ita
954 1381 1074 1438 tamen
1100 1365 1144 1437 de
1168 1369 1270 1437 omni

267 1509 376 1582 quam
391 1484 496 1555 nobis
506 1483 760 1581 proposuimus
773 1506 812 1552 re
824 1481 1001 1578 scripturi,
1017 1494 1056 1551 ut
1070 1481 1272 1550 meminerit

265 1595 379 1668 lector
388 1622 454 1667 nos
465 1621 537 1666 non
553 1622 596 1666 ex
605 1595 765 1693 professo
779 1590 1052 1690 quodammodo
1068 1607 1179 1663 artem
1193 1618 1271 1665 esse

268 1713 458 1803 docturos,
485 1714 549 1784 sed
567 1712 651 1784 inde
669 1738 709 1783 ea
726 1724 865 1781 tantum
884 1724 1112 1808 excerpturos
1129 1735 1207 1806 quae
1223 1710 1271 1782 ad

268 1826 422 1897 rhetoris
448 1827 560 1896 nostri
586 1850 650 1896 seu
675 1825 909 1914 imitationes,
936 1847 998 1893 seu
1020 1823 1185 1909 virtutes,
1207 1848 1270 1894 seu

268 1940 365 2029 vitia,
384 1963 447 2008 seu
464 1937 562 2008 utilia
574 1953 609 2008 et
625 1962 721 2008 nova
739 1951 773 2007 et
787 1935 1019 2007 annotatione
1030 1933 1138 2030 digna'
1150 1960 1271 2006 exem·

101 2045 106 2054 ’
177 2116 180 2120 ,
268 2047 810 2147 placommonstrandaprosint.
827 2046 1272 2142 ltaqueneplusminnsve

269 2161 581 2256 anobislegentes,
593 2185 701 2256 quam
711 2159 1041 2257 quodpollieemur,
1051 2174 1270 2255 exspectent,

175 2357 177 2365 k
269 2289 305 2344 et
323 2288 374 2361 ut,
395 2274 604 2371 priusquam
622 2271 811 2342 nobiscum
828 2287 1033 2368 susceptum
1048 2295 1067 2341 a
1085 2270 1190 2342 nobis
1205 2272 1273 2342 iter

268 2384 529 2480 ingrediantur,
549 2384 738 2481 perspicuo
761 2384 838 2453 visu
862 2398 1067 2453 recenseant
1089 2408 1271 2478 quaecum·

270 2522 341 2593 que
352 2496 591 2567 collustraturi
601 2521 737 2588 sumus,
752 2495 790 2565 id
801 2495 868 2566 sibi
878 2521 1086 2594 persuasum
1100 2495 1270 2587 habeant,

269 2634 337 2681 nos
363 2609 452 2680 nihil
473 2607 570 2680 aliud
599 2633 675 2678 esse
701 2608 882 2697 enisuros,
905 2608 974 2678 nisi
994 2609 1170 2706 utprimo
1189 2608 1271 2679 loco

269 2724 451 2795 Victorem
479 2748 563 2793 cum
591 2726 810 2816 Hermagora
836 2735 872 2791 et
894 2721 1068 2818 imprimis
1091 2721 1207 2793 Tullio
1237 2737 1274 2805 et

269 2836 382 2907 Fabio
405 2836 652 2924 conseramus3
671 2833 831 2906 secundo
853 2836 971 2932 ipsum
987 2860 1103 2933 perse
1119 2837 1273 2908 Victoris
1347 2924 1351 2931 g

268 2945 401 3017 librum
426 2949 526 3018 omni
548 2972 590 3017 ex
614 2960 714 3043 parte
743 2948 939 3041 generatim
964 2948 1269 3044 introspiciamus,

271 3061 368 3132 unde
389 3085 482 3132 nova
509 3060 672 3156 quaedam
691 3085 758 3131 nec
774 3060 911 3133 inutilia
929 3062 1078 3134 existere
1096 3060 1272 3131 videbun·

248 3210 251 3215 ·
272 3189 348 3259 tur;
363 3176 467 3246 tertio
484 3169 707 3273 peculiariter
722 3189 758 3245 et
775 3175 884 3244 fusius
896 3174 933 3244 in
950 3175 990 3245 iis
1007 3199 1274 3245 commoremur

271 3312 349 3383 quae
366 3288 501 3384 primus
518 3313 560 3358 ex
578 3288 709 3358 Latinis
718 3287 867 3384 'quidem
884 3287 1087 3358 rhetoribus
1103 3289 1139 3358 in
1154 3287 1274 3359 lucem

271 3400 374 3471 editis
389 3400 434 3471 de
448 3401 746 3472 sermocinatione
759 3402 882 3472 Victor
899 3416 934 3472 ct
949 3401 1105 3498 epistolis
1123 3426 1273 3499 compo-

271 3512 341 3583 suit
363 3527 397 3583 et
414 3539 492 3610 quae
510 3529 585 3583 tum
606 3513 709 3606 inde,
725 3529 803 3585 tum
820 3539 863 3586 ex
882 3514 1049 3586 universo
1071 3515 1146 3601 ejus
1163 3538 1273 3612 opere

271 3626 480 3718 generaliter
498 3625 615 3722 colligi
635 3642 802 3724 possunt3
820 3642 948 3724 quarto
961 3640 1079 3698 autem
1095 3639 1130 3697 et
1145 3625 1273 3697 ultimo
1346 3669 1351 3677 ·

271 3758 504 3834 quaecumque
527 3736 698 3835 paulatim
723 3753 905 3831 annotata,
931 3763 952 3810 a
974 3739 1128 3836 suscepti
1155 3738 1275 3835 operis

270 3849 449 3947 principio
460 3848 506 3920 ad
516 3846 638 3942 finem,
653 3850 982 3948 conscripserimns,
995 3878 1037 3925 ea
1053 3852 1174 3923 omnia
1190 3849 1274 3936 bre·

270 3960 360 4031 viter
377 3976 579 4061 repetamus
597 3975 632 4032 et
647 3959 917 4037 concludamus.
