2738 4928
684 381 738 417 ’-
758 361 784 434 6
805 395 861 418 .-

269 515 397 586 iterum
407 527 679 613 persequentes,
695 505 814 609 aliqua
831 510 878 583 de
886 510 1092 585 rhetoribus
1103 531 1273 608 praenun-

269 627 412 717 tiemuS,
431 653 451 697 a
469 620 676 724 quibusvel
688 628 811 699 omnia
824 626 881 696 vel
897 626 1070 725 pleraque
1085 627 1204 724 operis
1217 627 1273 699 sui

269 753 458 837 praecepta,
482 761 550 812 nec
573 739 690 809 solum
711 763 826 831 sensa,
847 738 922 812 sed·
936 739 1030 810 diota
1052 739 1174 831 etiam,
1196 755 1278 814 non*

269 851 378 922 semel
395 876 521 923 eorum
536 852 663 923 ordine
679 851 902 950 perturbato,
921 851 988 923 sibi
1006 849 1118 923 libere
1134 853 1274 923 mutua-

270 979 326 1034 tus
344 966 545 1062 assumpsit.

319 1079 420 1164 Quos
443 1079 544 1154 ,inter
572 1077 836 1174 copiosissimos
860 1076 1004 1150 dicendi
1035 1091 1275 1176 praeceptores

271 1188 326 1282 (ut
343 1189 492 1285 quidem
509 1215 552 1260 ex
566 1189 669 1260 titulo
683 1191 803 1288 operis
818 1190 961 1261 videtur
973 1192 1011 1260 in
1023 1215 1097 1288 quo
1113 1188 1273 1260 doctissi-

269 1324 410 1372 morum
425 1324 560 1374 nomen
577 1327 688 1374 manu
706 1304 903 1375 recentiore
919 1303 1081 1375 additum
1104 1302 1189 1397 est),
1210 1326 1276 1374 ex-

269 1415 381 1511 ceptis
408 1419 456 1485 M.
484 1414 598 1486 Tullio
626 1429 662 1486 et
689 1412 814 1507 Fabio,
839 1415 1032 1512 dequibus
1057 1413 1273 1514 pluradicta

269 1541 354 1597 sunt
366 1542 402 1598 et
413 1528 511 1598 dictu
528 1526 629 1598 facile
640 1540 693 1599 est
706 1552 814 1625 quam
831 1543 871 1599 ut
883 1528 944 1599 hic
957 1529 1144 1624 utriusque
1159 1527 1273 1599 virtu·

269 1651 323 1710 tes
346 1638 542 1710 collaudari
567 1662 712 1740 necesse
736 1641 800 1728 sit,
819 1643 1067 1736 Hermagoras,
1092 1637 1269 1734 Aquilius,

269 1749 563 1846 MarcomannuS,
582 1752 748 1824 Tatianus
770 1752 918 1825 indicati
934 1778 955 1825 a
974 1751 1079 1824 nobis
1098 1750 1279 1844 breviter,

269 1880 379 1962 prout
395 1865 510 1956 decet,
528 1864 823 1938 recensebuntur.

319 1972 1273 2075 QuoniamexHermagoreaedoetrinaerellquiis,quas

269 2090 367 2186 apud
383 2092 549 2187 antiquos
560 2090 722 2162 rhetores
729 2092 861 2188 passim
878 2090 1036 2188 recolligi
1048 2093 1088 2162 in'
1100 2103 1279 2189 promptu·

270 2215 334 2291 est,
359 2202 539 2273 Victorem
560 2213 666 2300 patet'
680 2203 765 2274 inde
786 2203 942 2300 plurima
965 2205 1004 2274 in
1028 2203 1161 2274 librum
1181 2226 1272 2299 prae-

269 2326 374 2409 cepta
404 2315 641 2407 transtulisse,
662 2320 890 2411 Hermagorae
922 2339 1058 2388 nomen
1091 2314 1274 2415 paulisper

269 2424 526 2522 relinquemus,
555 2427 601 2497 de
625 2451 700 2523 quo
723 2428 923 2525 longiorem
939 2454 1026 2500 mox
1049 2429 1277 2500 mentionem*

269 2535 347 2609 fieri
370 2539 564 2637 oportebit,
590 2552 630 2608 ut
654 2552 790 2610 ceteros
821 2555 893 2612 tres
927 2566 1035 2639 supra
1064 2541 1271 2613 nominatos

270 2647 481 2746 eloquentiae
501 2652 687 2746 magistros
708 2651 837 2722 obiter
844 2655 1135 2752 perstringamus.

318 2765 371 2832 De
389 2763 528 2860 Aquilio
545 2763 689 2834 rhetore
705 2764 795 2835 nihil
811 2764 883 2836 sere
897 2792 934 2836 se
947 2765 1081 2836 habere
1099 2764 1198 2860 quod
1216 2764 1271 2835 di·

270 2888 326 2945 cat
347 2875 466 2944 Maius
485 2874 686 2973 profitetur,
712 2877 781 2946 nisi
804 2901 843 2945 se
863 2876 969 2947 valde
989 2875 1160 2972 suspicari
1183 2875 1270 2947 seri-

268 2985 431 3057 bendum
456 2989 617 3082 Aquilam
631 2991 654 3059 ¹.
678 3018 695 3053 «
716 2981 889 3082 Namque,
902 3000 946 3056 ut
966 2987 1026 3078 ait,
1047 2984 1180 3083 Aquilae
1201 2989 1271 3057 Ro·

269 3099 489 3169 maniexstat
498 3113 666 3171 tractatus
676 3099 721 3170 de
733 3098 867 3193 Figuris
880 3097 1077 3169 rhetoricis.
1096 3099 1270 3171 Antonius

269 3210 394 3310 llquila
411 3209 630 3283 declamator
648 3224 869 3282 memoratur
888 3207 987 3309 apud
1008 3214 1228 3282 Frontonem
1243 3215 1267 3281 ³.

267 3314 430 3419 Denique
450 3327 594 3395 Graecus
614 3322 737 3395 rhetor
764 3323 888 3421 Aquila
913 3323 1081 3396 laudatur
1105 3346 1127 3395 a
1148 3323 1270 3394 Philo·

267 3442 379 3506 strato
395 3436 431 3506 in
445 3435 584 3506 Chresti
594 3437 686 3507 Vita.
701 3435 829 3533 Aquilii
840 3461 928 3509 vero
938 3436 1090 3509 rhetoris
1103 3435 1270 3533 quisnam

264 3550 469 3620 meminerit
495 3549 660 3620 nondum
682 3551 861 3649 comperi3
880 3543 1009 3647 aquilii
1030 3550 1126 3622 enim
1149 3547 1269 3619 Severi

266 3658 333 3730 snb
346 3661 596 3733 Valentiniano
614 3657 775 3762 principe
790 3663 976 3735 historiam
991 3672 1167 3733 memorat
1186 3657 1280 3732 Hie·

257 3765 475 3869 'ronymus³,
495 3790 571 3844 non
588 3773 718 3872 scripta
734 3773 924 3846 rhetorica
947 3804 964 3841 >2
985 3774 1042 3845 Sic
1055 3773 1169 3846 Maius
1185 3767 1280 3872 per?

305 3951 334 4004 1.
354 3948 463 4018 Maius,
478 3951 515 4004 de
532 3950 651 4005 Vectoris
663 3950 826 4021 Rhetorica
841 3965 900 4006 m
913 3953 1035 4007 duxit

303 4041 334 4095 2.
358 4040 410 4094 Ad
422 4040 543 4106 amicos,
557 4041 588 4107 Ι,
605 4039 654 4095 ll).
949 4060 952 4066 ’

304 4133 334 4190 3.
355 4135 401 4188 De
417 4133 479 4208 er
494 4134 552 4204 tlt,
568 4151 627 4188 cxx.
