2738 4928
577 338 627 354 -
647 299 723 371 tta
747 338 799 358 -

185 453 448 549 rhetorumque
468 464 609 541 ‘aetatem
653 448 856 548 exquibus
886 460 961 522 non
993 450 1079 543 alia,
1117 451 1187 523 nisi

177 565 411 666 ,panegyrica
435 562 573 660 aliquot
600 563 799 651 orationes,
830 575 941 659 opera
976 579 1187 662 supersunt,

177 677 320 779 ‚pariter
337 677 555 749 omittemus.
572 679 670 762 Quas
681 676 743 772 qui
759 675 920 778 intentus
933 675 1141 774 perlegerit,
1162 678 1192 750 is

177 791 349 893 profecto
359 791 397 862 in
411 789 496 880 illis,
509 803 635 887 praeter
649 787 873 860 incredibilia
879 788 1094 862 adulationis
1106 816 1195 864 aeu-

176 906 287 988 ‚mina
300 906 339 978 in
356 929 486 977 omnes
498 900 727 974 collaudandi
741 901 922 975 formasse
933 906 1192 1001 >convenarium

179 1031 397 1093 ·oonstanter
425 1016 500 1090 duo
530 1015 606 1087 haee
635 1015 827 1087 Gallicanae
853 1015 1036 1088 ¹sacundiae
1064 1019 1197 1091 indicia

190 1131 362 1221 inveniet,
381 1154 460 1227 quae
477 1129 615 1227 optime
637 1129 743 1200 divus
760 1128 1017 1224 Hieronymus¹
1033 1131 1197 1204 animad-

190 1244 311 1334 vertit,
323 1243 499 1315 sermonis
518 1241 650 1312 seilicet
661 1241 861 1313 ubertatem
881 1258 917 1312 et
934 1243 1101 1336 nitorem,
1122 1247 1200 1343 qui·

191 1356 447 1455 bus,usquead
456 1357 652 1427 satietatem
663 1354 1200 1455 voluptatisaudientiumgratia

191 1471 361 1572 profusis,
375 1469 671 1570 panegyricorum
685 1456 815 1539 Gallici
821 1492 1030 1540 sermonum
1039 1485 1201 1542 auctores

192 1583 415 1673 abutuntur,
443 1570 489 1653 alr
514 1581 692 1653 Eumenio
716 1570 800 1652 inde
826 1582 987 1680 principe
1011 1607 1125 1679 usque
1154 1582 1201 1655 ad

193 1701 365 1769 Pacatum
381 1697 617 1796 Drepanium,
635 1695 760 1768 ceteris
773 1694 907 1793 alioqui
921 1696 1082 1792 ejusdem
1099 1722 1203 1793 gene-

195 1811 245 1883 ris
263 1810 465 1882 oratoribus
479 1810 717 1908 superiorem,
735 1823 770 1879 et
785 1808 931 1880 sortasse
948 1812 988 1879 C.
1008 1808 1103 1880 Julio
1119 1810 1204 1881 Vic-

195 1925 267 1996 tori
284 1938 407 1995 nostro
421 1924 606 2020 aequalem.
628 1927 733 1992 Hunc
750 1921 780 1991 si
798 1946 882 1992 cum
900 1921 1087 2018 praecipuis
1103 1920 1204 1995 hisce

197 2035 344 2132 dicendi
370 2030 547 2132 magistris
575 2035 783 2131 conjunges
807 2056 964 2130 quorum
992 2033 1098 2104 nobis
1125 2055 1203 2108 me·

197 2150 351 2222 moriam
379 2148 558 2226 Ausonius
589 2147 752 2245 reliquit,
780 2161 815 2217 et
847 2146 1048 2218 Ausonium
1085 2147 1203 2245 ipsum

197 2260 382 2357 adjeceriS,
395 2275 429 2331 et
440 2260 598 2331 Ausonio
609 2259 697 2331 alios
711 2283 836 2329 omnes
848 2258 964 2330 fontes
975 2259 1172 2351 addideris,
1186 2286 1206 2332 e

195 2373 330 2470 quibus
356 2372 480 2470 aliqua
495 2371 542 2442 ad
564 2371 706 2443 Gallieoe
721 2368 936 2466 eloquentiae
955 2395 997 2443 ac
1013 2371 1208 2444 rhetorices

197 2487 387 2559 notionem
417 2486 576 2584 prosint,
611 2499 718 2582 atque
751 2485 926 2582 imprimis
959 2511 1034 2556 non
1069 2484 1208 2558 Sidonii

201 2599 436 2698 Apollinaris,
467 2600 550 2671 licet
573 2599 700 2670 saeculo
733 2621 757 2667 v
782 2597 978 2695 scripserit,
1010 2597 1088 2669 loca
1114 2625 1209 2695 quae-

201 2710 287 2783 dam
312 2710 485 2812 negligas,
509 2711 572 2782 ubi
599 2726 675 2782 tum
703 2709 749 2781 de
776 2711 848 2801 sui,
880 2724 956 2781 tum
978 2710 1023 2782 de
1043 2711 1209 2808 praeteriti

203 2826 375 2922 temporis
419 2823 562 2895 Gallicis
603 2822 807 2894 rhetoribus
853 2823 1074 2894 mentionem
1107 2824 1206 2917 facit,

203 2939 380 3009 ecunctis
400 2937 443 3008 iis
466 2938 683 3035 scriptorum
710 2936 921 3007 testimoniis
945 2936 1125 3034 generales
1151 2937 1209 3008 di-

203 3050 309 3122 cendi
326 3075 367 3122 ac
383 3049 563 3122 scribendi
581 3049 702 3121 sormae
720 3048 785 3119 tibi
803 3049 840 3118 in
857 3046 1043 3119 Gallorum
1060 3050 1210 3144 ingeniis

204 3164 425 3236 annotandae
448 3165 628 3236 exsistent.
658 3167 745 3249 Qum
770 3187 856 3232 enm
880 3164 921 3231 C.
952 3160 1033 3231 Julii
1059 3163 1210 3234 Victoris

187 3277 392 3376 zpiaeoeptis
405 3275 541 3348 collatas
560 3276 752 3348 ostendent
768 3290 943 3372 quatenus
959 3289 996 3346 et
1009 3290 1211 3370 quare,·nut

207 3414 293 3460 cum
304 3391 345 3460 iis
362 3389 581 3461 consenserit
599 3403 660 3459 aut
670 3388 716 3459 alr
728 3388 856 3458 iisdem
869 3387 1067 3457 discesserit
1074 3389 1208 3460 Victor.

208 3503 312 3573 Unde
322 3502 435 3594 facile,
452 3528 517 3600 per
527 3527 664 3573 novum
678 3499 1085 3598 argumentandigenus,
1101 3501 1212 3572 eolli-

205 3630 307 3712 getur
320 3631 443 3687 utrum
453 3616 607 3688 Gallicus
616 3641 650 3693 rr
660 3613 778 3687 saeculi
789 3614 903 3685 homo
912 3628 948 3684 et
958 3611 1083 3684 rhetor
1093 3629 1213 3688 noster

205 3731 388 3802 exstiterit.

255 3842 415 3915 Tiberius
426 3843 549 3913 Victor
561 3840 1015 3940 Minerritrsprolessorum
1028 3864 1072 3913 ex
1085 3840 1213 3916 ordine

249 4091 280 4148 l.
299 4091 338 4147 D.
355 4085 528 4164 Hieronym.
540 4087 634 4160 Epist.
649 4104 718 4158 xor,
730 4085 773 4145 ad
780 4085 886 4145 Rustic.
904 4084 1032 4146 monach.
1050 4051 1055 4059 ¹
