2738 4928
588 367 785 439 „36-

179 512 393 621 longinquas
402 513 604 625 provincias
618 506 888 603 commercium,
904 531 1002 581 nunc
1017 507 1118 581 aliae·
1110 500 1186 580 aliis

180 617 226 700 de
243 628 365 721 rebus,
385 640 447 700 aut
472 619 665 735 voluptatis
684 624 764 697 ab
755 623 982 720 ingeniorum
1000 614 1186 692 consocia-

178 738 277 823 tione
291 741 406 812 ductte
418 755 479 811 aut
493 737 760 810 commoditatis
774 751 897 825 causa,
910 734 1186 806 communitates

179 841 391 943 effecerant,
421 862 460 923 u't
487 850 654 951 epistolas
681 847 933 921 conscribendi
960 833 1186 918 consuetudo

179 966 334 1036 multum
361 965 514 1037 Victoris
538 989 614 1035 aevo
639 963 937 1059 frequentaretur.
958 959 1064 1030 Unde
1086 952 1187 1030 facile

177 1078 386 1177 intelligitur
399 1104 510 1177 quare
526 1079 650 1150 Victor
661 1103 737 1148 non
755 1078 896 1147 minore
914 1094 999 1146 cura
1018 1073 1186 1173 epistola·

177 1214 274 1284 rum,
293 1209 402 1292 quam
418 1192 609 1283 sermonis,
623 1191 770 1289 propria
785 1186 949 1286 quaedam
967 1202 1002 1258 et
1018 1189 1186 1258 nonnun-

178 1329 287 1402 quam
298 1305 404 1375 etiam
419 1303 559 1400 vulgata
569 1317 744 1403 praecepta
760 1302 954 1404 tradiderit.
971 1305 1188 1397 Quanquam

176 1415 215 1489 id
238 1414 374 1488 rhetori
394 1431 516 1489 nostro
543 1416 820 1488 concedendum
849 1430 919 1506 est,
942 1413 1076 1486 scilicet
1103 1406 1188 1484 eunt

176 1531 296 1600 minus
313 1528 493 1602 obsoletas
511 1543 546 1599 et
559 1528 721 1626 vulgares
740 1516 896 1597 docendi
908 1525 1069 1597 rationes·
1084 1518 1188 1596 nov'is

177 1638 392 1739 quibusdam
420 1654 456 1711 et
483 1664 567 1712 vere
591 1640 784 1735 ingeniosis
814 1637 1188 1712 animadversionibus

175 1744 235 1824 hic
264 1754 531 1846 immiscuisse,
562 1777 672 1850 quam
708 1752 745 1822 in
778 1751 820 1822 iis
849 1775 929 1848 quae
952 1749 998 1824 de
1020 1765 1188 1822 'sermone

177 1868 333 1964 scripsit.
358 1862 396 1937 Si
417 1867 513 1938 enim
537 1866 749 1964 paucissima
772 1865 946 1963 excipias,
968 1861 1088 1962 qualia
1105 1877 1188 1936 sunt

176 1968 258 2051 loca
282 1981 466 2077 quaedam3
488 1979 545 2051 vel
569 1979 658 2052 illud
685 1977 895 2068 consilium,
915 2004 990 2076 quo
1009 1977 1188 2050 ‘admonet

174 2092 400 2192 praefationes
433 2117 474 2163 ae
502 2091 781 2191 subscriptiones
806 2093 1005 2163 litterarum
1033 2112 1186 2190 eompu-

177 2206 305 2306 tandas
319 2230 395 2277 esse
421 2231 488 2303 pro
517 2203 722 2275 discrimine
752 2201 913 2275 amicitiae
930 2216 991 2275 aut
1008 2197 1187 2299 dignitat‘n

177 2313 272 2421 (quae
291 2320 398 2389 etiam
422 2316 493 2387 dici
512 2331 659 2412 possent
675 2317 810 2416 optime
832 2330 972 2388 aetatem
989 2307 1087 2387 illam
1105 2307 1186 2387 Vid-

178 2431 265 2502 toris
287 2446 322 2501 et
346 2428 438 2503 illius
462 2444 581 2501 mores
605 2430 737 2503 referre
762 2431 826 2502 aevi
850 2428 933 2522 ubi,
950 2430 1187 2502 Constantino

177 2535 342 2635 auctore,
363 2558 417 2615 tot
431 2542 643 2640 dignitatum
665 2544 789 2615 tituli
780 2570 817 2614 m
836 2537 958 2636 aula,
949 2571 986 2616 1n
1008 2544 1188 2648 rescriptis

178 2654 1026 2765 omnibusobservatrsuntetprrmumadhtbttr)
1016 2648 1184 2753 ·ve'lhoo,

177 2753 297 2867 inquo
308 2769 443 2842 litteras
457 2768 588 2867 qurbus
597 2771 794 2870 respondes
810 2796 882 2869 prae
892 2786 1000 2842 mann
1011 2795 1186 2870 esseprae·

169 2873 281 2980 cipit,
302 2882 456 2979 nequid
476 2885 534 2959 eui
551 2885 737 2984 responsio
756 2902 847 2982 opus
864 2885 922 2975 sit,
943 2883 988 2956 de
1013 2883 1187 2993 memoria

179 2988 318 3088 effluam
341 2997 510 3101 pleraque
525 2997 641 3069 ultimi
655 2999 709 3069 sui
725 2998 849 3099 capitis
864 3011 1043 3098 praecepta
1056 2992 1103 3070 de
1116 2988 1187 3098 epi·

179 3109 278 3181 s'tolis
294 3110 419 3182 Victor
441 3111 697 3182 sententiarum
719 3111 986 3210 verborumque
1007 3113 1188 3212 composi·

178 3211 287 3294 tionis
305 3223 382 3294 utili
398 3238 433 3294 et
445 3222 608 3319 jucunda
626 3223 783 3295 novitate
801 3224 973 3296 distinxit.

227 3341 268 3407 In
285 3360 358 3435 qua
372 3337 553 3465 praecipua
572 3335 662 3426 haee,
682 3361 760 3433 quae
784 3351 996 3435 sequuntur,
1017 3334 1188 3411 animad-

176 3450 350 3522 vertenda
381 3474 458 3521 esse
491 3449 702 3521 existimavi.
737 3450 842 3521 Recte
872 3451 975 3521 initio
1009 3467 1187 3524 asseverat

176 3546 301 3633 Victor
336 3562 494 3661 epistolis
520 3562 632 3633 multa
658 3586 786 3633 eorum
813 3563 1007 3672 convenire
1035 3590 1115 3661 quae
1141 3564 1186 3638 de

177 3697 344 3746 sermone
357 3688 535 3774 praecepta
553 3689 648 3745 sunt.
672 3670 752 3746 Non
778 3666 878 3772 quod
905 3680 1027 3749 omnia
1045 3677 1186 3807 ptrique
1223 3664 1225 3669 ¹

178 3788 299 3881 generi
322 3789 528 3859 communia
547 3786 623 3859 lieri
637 3813 743 3887 posse
761 3787 969 3880 arbitretur,
996 3817 1059 3888 qm
1049 3779 1184 3890 paulo

176 3897 271 3970 intra
292 3900 420 3970 merito
438 3900 567 3971 dixerit
590 3926 654 3972 cur
678 3901 838 3973 cavenda
858 3903 902 3972 sit
917 3906 1029 4001 magis
1047 3904 1184 3988 obscu-

176 4011 261 4082 ritas
286 4012 322 4082 in
340 4012 519 4110 epistolis,
539 4036 650 4110 quam·
667 4015 704 4085 in
732 4017 1022 4090 sermocinando,
1043 4022 1185 4106 Quema-

176 4122 317 4215 obrem‚
331 4126 360 4196 si
376 4126 516 4225 penitus
531 4128 716 4199 materiam
734 4128 944 4226 inspexeris,
961 4146 1038 4203 non
1056 4131 1121 4204 tibi
1136 4131 1184 4205 de
