2738 4928
584 316 778 390 ...96-

176 466 393 557 hendentia,
435 464 547 538 modo
576 463 774 565 epistolaris
802 464 912 561 gratia
930 479 966 536 et
991 462 1125 537 modus
1147 461 1185 538 in

177 581 324 677 singulis
340 581 483 651 inesset.

226 698 390 765 Attamen
426 716 501 762 non
529 693 711 762 Victorem
744 689 972 762 diffitendum
1004 705 1059 763 cst
1091 715 1186 790 prae·

177 809 298 880 sertim
332 807 367 876 in
400 804 632 876 familiaribus
659 805 700 875 iis
729 803 854 875 litteris
881 802 1100 902 explicandis
1129 804 1186 897 in·
1245 901 1250 909 ¹

176 919 343 1009 haesisse,
386 941 474 1015 quas
515 917 620 989 unice
655 914 887 1015 epistolarum
926 916 1076 988 nomine
1110 940 1187 989 esse

178 1031 303 1129 dignas
326 1031 518 1103 credidisse
536 1031 737 1103 Demetrius
756 1029 913 1119 videtur,
934 1045 970 1101 et
988 1029 1078 1128 quas
1100 1030 1186 1119 ,fate-

178 1170 260 1216 mur
288 1146 325 1215 in
356 1143 541 1215 communi
569 1145 639 1216 vita
665 1159 701 1215 et
730 1142 990 1215 cousuetudine
1020 1143 1186 1242 frequen·

179 1258 266 1351 tius,
287 1283 397 1356 quam
416 1273 568 1347 ceteras,
588 1258 766 1356 usurpari.
788 1261 1018 1355 Quapropter
1038 1257 1187 1330 familia·

178 1371 270 1442 rium
304 1373 502 1444 litterarum
535 1386 571 1443 et
597 1370 810 1442 brevitatem
842 1384 879 1441 et
897 1371 1186 1468 perspicuitatem

178 1499 214 1556 et
244 1485 476 1574 varietatem,
506 1498 541 1554 et
563 1483 776 1556 suavitatem
811 1507 853 1554 ac
880 1483 1021 1581 lepores
1048 1483 1182 1577 fusius,

178 1622 288 1696 quam
314 1597 583 1693 negotiosorum
613 1595 748 1686 officia,
778 1596 914 1666 docuit.
943 1595 1022 1666 Non
1047 1597 1207 1693 singula*

178 1709 383 1780 minutatim
427 1721 586 1806 repetere
624 1707 731 1778 nobis
769 1708 806 1778 in
844 1709 966 1780 animo
999 1723 1076 1801 est,
1106 1735 1186 1808 quae

148 1857 150 1862 ·
179 1820 225 1892 de
258 1834 414 1918 quatuor
443 1818 541 1890 hisce
575 1820 762 1917 praecipuis
792 1820 1019 1894 familiarium
1053 1824 1184 1922 episto·

178 1933 294 2003 lar-iun
319 1932 509 2004 virtutibus
539 1933 750 2030 transcripta
777 1958 797 2004 e
828 1933 979 2006 Victoris
1003 1959 1115 2033 opere
1139 1933 1185 2007 ad

177 2047 330 2118 verbum
352 2046 610 2143 expressimus3
631 2045 694 2116 sed
708 2070 823 2142 pauca
843 2047 1006 2143 quaedam
1023 2047 1086 2118 hio
1098 2047 1182 2138 illic,

178 2157 214 2227 in
241 2158 366 2228 itinere
388 2154 628 2248 conficiendo,
649 2156 766 2227 solum
784 2158 1067 2230 animadvertere
1083 2159 1184 2230 volu·

178 2294 271 2341 mus.
298 2275 347 2341 Ao
366 2270 522 2367 primum
540 2270 717 2366 egregiam
735 2270 831 2341 illam
855 2273 1015 2343 Censorii
1041 2273 1185 2344 Catonis

177 2406 304 2453 vocem
320 2388 329 2421 ¹
346 2382 578 2472 admiremur,
600 2407 671 2479 qua
688 2385 848 2483 praecipit
864 2411 910 2458 ne
928 2387 1185 2458 sententiarum

179 2495 242 2566 diu
265 2496 532 2566 circumferatur
558 2495 720 2568 ambitio.
740 2503 823 2570 Haec
848 2500 914 2571 viri
941 2499 1034 2571 illius
1059 2499 1182 2590 verba,

179 2633 287 2705 quem
303 2608 387 2679 alias
398 2608 485 2704 jam,
504 2622 543 2678 ut
567 2608 733 2701 vidimus,
752 2611 905 2684 libenter
923 2613 1087 2684 nominat
1102 2613 1185 2685 ttic-

178 2735 236 2792 tor
246 2726 268 2813 ²,
284 2746 328 2793 ex
342 2746 386 2792 eo
396 2720 490 2792 libro
501 2720 546 2791 de
556 2725 719 2815 Oratore,
737 2737 777 2794 ut
794 2725 983 2796 verisimile
997 2741 1062 2815 est,
1077 2725 1185 2800 ducta

178 2848 274 2921 sunt,
294 2835 419 2930 inquo
437 2839 524 2906 Cato
543 2851 725 2907 oratorem
741 2835 861 2907 virum
880 2835 1020 2907 bonum
1039 2837 1185 2910 dicendi

177 2947 332 3042 peritum
347 2972 422 3018 esse
440 2945 659 3030 definiverat.
676 2947 815 3020 Deinde
831 2949 1053 3021 mentionem
1067 2950 1113 3022 de
1126 2951 1185 3024 illo

177 3058 330 3128 Victoris
341 3058 447 3158 loco⁸
463 3059 646 3148 faciamuS,
664 3061 702 3131 in
719 3086 794 3156 quo
813 3065 986 3133 Caesarem
1002 3076 1037 3133 et
1052 3067 1186 3160 Augus

178 3182 305 3241 tumet
321 3171 530 3242 Ciceronem
547 3186 583 3241 et
600 3172 688 3244 alios
706 3174 897 3270 plerosque
914 3173 1053 3268 scribit,
1081 3177 1186 3248 notas

177 3281 271 3353 inter
297 3306 334 3353 se
361 3283 568 3354 secretiores
596 3285 754 3382 epistolis
781 3288 913 3384 pacisci
929 3307 1012 3358 ‘esse
1045 3288 1182 3360 solitos.

177 3396 242 3466 Cui
262 3396 415 3466 rhetoris
436 3397 550 3466 nostri
567 3398 786 3488 testimonio,
808 3401 901 3472 inter
923 3399 1008 3470 alias
1032 3401 1188 3472 auctori·

178 3521 278 3599 tates,
300 3508 380 3578 auti
400 3506 478 3578 haec
501 3507 612 3580 verba
631 3510 735 3582 Gellii
754 3512 875 3583 favent
887 3513 920 3584 ⁵:
943 3512 1078 3584 «Libri
1102 3526 1188 3584 sunt

177 3620 410 3719 epistolarum
431 3624 472 3692 C.
492 3623 638 3694 Caesaris
659 3623 705 3696 ad
727 3629 766 3696 C.
796 3625 956 3723 Oppium
980 3639 1016 3697 et
1032 3624 1186 3698 Balbum

218 3828 247 3883 l.
270 3826 358 3902 Apud
371 3824 403 3889 Css
418 3831 445 3886 J.
467 3827 560 3904 Vicu,
576 3849 642 3908 cap.
657 3851 756 3908 nvn,
770 3851 800 3909 p.
819 3835 887 3893 Μ.

217 3917 246 3977 2.
269 3914 340 3973 Vide
354 3936 383 3994 p.
402 3920 439 3973 43
455 3929 483 3974 et
501 3921 532 3978 C.
549 3923 576 3980 J.
588 3920 682 3992 Vico,
702 3941 765 4000 cap.
786 3943 827 3996 11,
843 3942 874 4000 p.
892 3924 921 3980 5.

218 4005 246 4063 3.
270 4005 301 4062 C.
319 4007 346 4065 J.
363 4003 455 4074 Vict,
471 4024 696 4088 cap.xxv11,p.
715 4012 784 4070 tat.

217 4097 248 4153 l.
271 4095 308 4155 A.
325 4089 401 4154 Gell.
418 4097 501 4155 Noct.
518 4099 579 4158 Art.
598 4101 700 4176 XVII,
715 4103 744 4159 9.
