2738 4928
687 340 887 415 ‘-60-

304 645 307 653 ’
412 630 479 714 32.
493 635 538 692 De
552 629 724 712 quibusdam
739 582 863 690 rhetoris
876 630 969 690 nostri
982 629 1163 695 utilitatibus.

334 829 397 900 Sin
412 841 549 920 autem,
571 825 732 898 inferiori
745 825 806 898 illa
818 825 974 898 Victoris
989 840 1091 926 parte
1105 827 1238 900 omissa
1252 851 1294 901 ac

285 943 469 1042 praeteritis
499 965 694 1040 parumper
722 938 798 1036 ejus
827 939 921 1010 vitiis
950 939 997 1010 de
1024 939 1156 1037 quihus
1178 965 1295 1040 nuper

285 1056 428 1129 locutus
446 1079 538 1147 sum,
555 1056 672 1154 ipsum
684 1078 750 1152 per
765 1077 803 1125 se
815 1052 1035 1152 perspexeris
1052 1068 1089 1125 et
1105 1052 1294 1151 paululum
1349 1083 1350 1087 ¹

287 1185 322 1242 te
334 1170 381 1243 ad
394 1167 540 1242 virtutes
551 1167 726 1266 quasdam
736 1165 897 1238 retuleris
911 1167 1000 1263 quas
1012 1189 1120 1265 supra
1128 1166 1293 1265 exposui,

286 1307 363 1354 non
386 1282 548 1381 profecto
571 1283 689 1353 omnis
714 1305 792 1352 esse
812 1278 972 1351 utilitatis
997 1304 1122 1377 expers
1140 1279 1297 1352 rhetori-

287 1421 371 1468 cum
383 1396 456 1468 hoc
470 1389 562 1495 opus
575 1394 768 1468 videbitur.
780 1391 945 1490 Namque
957 1406 1085 1492 praeter
1093 1392 1297 1466 libertatem

288 1509 483 1606 quamdam
509 1508 654 1604 judicii,
683 1532 792 1604 qoam
824 1505 870 1578 ab
898 1505 961 1577 illo
985 1505 1169 1578 interdum
1188 1506 1296 1578 etiam
1334 1511 1336 1514 ’

289 1647 372 1720 erga
388 1622 600 1693 Ciceronem
626 1635 660 1691 et
683 1619 945 1708 Quintilianum
962 1619 1116 1692 exerceri
1133 1607 1297 1691 animad-

206 1770 207 1773 ¹
289 1735 479 1819 vertimus3
499 1730 627 1831 praeter
641 1733 739 1804 illam
755 1733 1011 1804 convenientiae
1028 1746 1063 1804 et
1081 1731 1205 1803 decori
1230 1731 1298 1802 ob·

289 1847 524 1938 servantiam,
554 1868 666 1942 quam
686 1846 814 1917 iterum
834 1846 1036 1942 iterumque
1056 1845 1094 1915 in
1119 1859 1297 1943 perpetuo

291 1960 464 2031 orationis
488 1954 595 2030 cursu
618 1958 812 2030 tenendam
844 1956 920 2030 esse
946 1957 1143 2048 admonet3
1171 1971 1299 2055 praeter

291 2096 372 2143 eam
394 2072 613 2168 antiquitatis
634 2071 910 2142 admirationem
930 2070 990 2166 (eo
1015 2069 1164 2142 fortasse
1187 2069 1299 2168 paulo

291 2209 401 2282 quam
426 2184 547 2256 decuit
575 2185 804 2274 severiorem,
833 2181 934 2279 quod
961 2182 1153 2280 scriptores
1173 2184 1300 2254 omnes

292 2296 514 2384 Quintiliano
532 2298 748 2369 recentiores
765 2295 954 2369 excludere
967 2294 1124 2392 videtur)
1138 2320 1218 2392 quae
1242 2295 1299 2366 in·

292 2410 401 2505 signis
423 2425 476 2481 est
500 2409 536 2479 in
557 2435 594 2480 1v
622 2410 739 2482 saeculi
766 2408 936 2500 homine,
957 2424 992 2482 et
1012 2434 1091 2507 quae
1111 2408 1231 2480 effecit
1259 2422 1300 2481 ut

291 2521 399 2592 nobis
432 2522 566 2594 inedita
611 2523 774 2620 quaedam
808 2539 890 2595 ante
915 2523 1059 2596 vMaium
1098 2522 1298 2620 fragmenta

297 2636 418 2725 Ennii,
438 2631 604 2725 Gracchi,
622 2637 781 2727 Catonis,
796 2633 1302 2727 Fabii,Cieeronis'servaren·

296 2759 367 2840 tur,
384 2747 550 2819 nonnihil
569 2773 715 2846 quoque
735 2749 907 2842 utilitatis,
928 2764 969 2821 ut
985 2748 1150 2847 equidem
1169 2750 1298 2841 sentio,

296 2861 451 2932 allerunt
464 2862 572 2932 etiam
589 2862 675 2933 vitia
691 2860 823 2958 quibus
838 2863 1020 2934 Victorem
1032 2860 1195 2933 laborare
1211 2859 1297 2931 dix'i.

297 2979 461 3062 Quorum
479 2974 596 3072 aliqua
611 3001 686 3047 esse
701 2975 887 3061 observavi
901 2992 936 3049 et
946 2973 1185 3048 barbarorum
1193 2972 1302 3045 voca·

295 3086 467 3159 bulorom
491 3089 585 3160 inter
603 3089 836 3161 Ciceroniana
854 3102 890 3160 et
909 3087 1066 3161 Fabiana
1089 3086 1169 3158 loca
1188 3084 1302 3157 collu-

296 3200 406 3288 viem,
426 3214 461 3272 et
471 3203 679 3273 Graecorum
698 3203 859 3300 ipsorum
876 3202 1091 3301 scriptorum
1105 3196 1302 3297 quamdam
1317 3251 1318 3254 ,

297 3311 561 3410 negligentiam,
580 3329 616 3386 et
634 3314 796 3386 ethnicos
813 3338 952 3385 errores
971 3312 1049 3390 tum
1065 3313 1111 3384 de
1136 3310 1303 3382 inimico·

297 3450 378 3498 rum
396 3427 496 3518 odio,
515 3442 590 3501 tum
607 3427 651 3499 de
666 3428 831 3500 mendaci
845 3451 1013 3500 concessa
1029 3425 1075 3496 ab
1092 3449 1136 3497 eo
1149 3423 1302 3496 causidi-

298 3541 348 3610 cis
362 3540 565 3632 calliditate,
580 3541 713 3637 passim
725 3541 762 3611 in
776 3537 886 3638 opere
895 3553 1082 3631 scatentes,
1099 3553 1134 3610 et
1145 3538 1303 3633 denique

299 3654 420 3725 nescio
437 3653 525 3751 quid
537 3653 732 3726 obscurum
751 3670 785 3726 et
799 3653 983 3726 christiani
1001 3652 1161 3724 doctoris
1177 3665 1303 3722 aucto-

300 3765 401 3836 ritate
415 3766 541 3838 eadem
560 3766 760 3865 profitentis
776 3766 934 3857 inferius,
960 3766 1069 3837 etiam
1092 3788 1206 3860 quum
1227 3761 1303 3833 elo-

301 3880 425 3976 quenti
451 3881 626 3952 sentiendi
648 3879 900 3978 scribendique
922 3879 1101 3951 celeritate
1123 3889 1246 3947 noster
1261 3897 1304 3946 ea

302 3992 487 4088 recolligit,
507 4019 585 4092 quae
600 3993 648 4064 ad
668 3994 818 4064 oratoris
841 3994 1085 4065 inventionem
1114 3990 1302 4061 attineant.

303 4107 391 4194 Quae
399 4106 546 4204 quidem
555 4106 691 4198 omnia,
708 4131 772 4179 seu
788 4105 936 4180 virtutes
949 4131 1012 4180 seu
1025 4103 1123 4197 vitia,
1140 4126 1215 4175 non
1227 4101 1305 4201 ple-
