2738 4928
679 345 852 416 ...a-

264 496 339 573 non
353 525 445 571 unus
457 496 748 569 annumerandus
762 512 815 568 est
835 495 1133 593 Panegyricorum
1152 498 1266 595 scrip·

265 629 336 701 tor,
360 612 556 683 effloruisse
572 624 712 680 constat
725 613 746 678 ¹.
780 613 805 678 E
822 607 934 680 Gallia
951 624 1071 681 ortum
1088 635 1165 681 esse
1182 611 1267 681 Vic-

264 741 380 798 torem
398 751 443 797 eo
461 725 573 794 Maius
585 723 714 811 credit,
733 723 834 818 quod
851 722 932 792 Julii
950 723 1082 796 nomen
1102 740 1174 795 tarn
1197 725 1266 795 fre·

265 858 416 941 quenter
438 867 458 912 a
484 843 569 912 Caio
594 840 687 911 Julio
711 844 845 910 Caesare
864 841 900 911 iu
917 840 1031 912 Gallia
1048 841 1268 914 celebratum

265 957 453 1054 acceperit.
473 959 552 1041 Qua
571 953 717 1050 quidem
736 955 771 1023 in
790 979 829 1025 re
846 955 1082 1026 eruditissimo
1110 957 1185 1025 viro
1211 979 1267 1025 as·

267 1071 421 1159 sentior3
441 1083 494 1155 et,
511 1092 622 1164 quum
638 1065 726 1136 nihil
740 1068 827 1138 certi
841 1091 882 1138 ac
895 1067 1001 1165 plane
1018 1068 1193 1166 comperti
1209 1091 1270 1138 ne·

266 1207 336 1278 que
346 1208 389 1252 ex
400 1195 560 1253 veterum
570 1165 802 1272 testimoniis,
816 1206 933 1277 neque
946 1206 988 1251 ex
995 1183 1148 1253 Victoris
1159 1206 1269 1278 opere

266 1310 423 1383 eruatur,
441 1293 659 1390 nihilpotius
687 1292 800 1382 duco,
821 1319 931 1390 quam
955 1309 993 1374 ut
1015 1293 1271 1367 verisimillima

267 1432 342 1478 esse
366 1405 547 1477 confidam
565 1431 643 1502 quae
662 1407 772 1477 Maius
789 1405 835 1477 de
857 1407 1006 1478 Victoris
1024 1409 1137 1506 patria
1152 1407 1270 1504 suspi-

266 1517 382 1589 canda
406 1519 607 1614 proposuit.
640 1522 730 1588 Item
754 1517 800 1588 de
828 1521 940 1614 ignoti
966 1519 1118 1591 rhetoris
1150 1534 1268 1610 aetate,

266 1631 352 1701 itern
366 1630 411 1701 de
424 1632 549 1701 studiis
567 1645 602 1699 et
616 1630 751 1700 incerta
766 1631 844 1700 vitae
857 1631 1077 1702 conditione.
1093 1634 1273 1718 Quocirca

267 1743 400 1814 dicenti
426 1743 517 1812 lllaio
544 1740 732 1813 credamus
758 1767 833 1813 non
860 1744 957 1840 prius
984 1730 1108 1815 Caium
1137 1745 1273 1818 lulium

266 1856 466 1948 Victorem,
494 1880 604 1952 quam
629 1879 666 1925 ιν
692 1870 774 1953 post
798 1855 979 1928 Christum
1003 1872 1129 1929 natum
1154 1859 1274 1930 saeculi

268 1969 490 2067 temporibus
507 1968 634 2038 vixisse
641 1995 651 2057 3
665 1982 790 2064 utpote
809 1970 909 2065 quod
928 1986 990 2041 aut
1012 1972 1087 2068 ipse
1106 1987 1166 2043 aut
1184 1972 1274 2043 alius

268 2084 383 2179 quivis
409 2083 556 2154 sortasse
582 2082 751 2176 antiquus
782 2083 930 2153 Victoris
956 2074 1149 2155 annotator
1168 2085 1274 2179 (nihil

268 2196 366 2268 enim
399 2195 570 2265 utrumvis
600 2194 760 2289 interest)
790 2195 882 2265 inter
908 2195 1070 2268 rhetores
1097 2198 1274 2294 equibus

269 2324 435 2406 excerpta
456 2306 620 2404 quaedam
642 2322 677 2378 et
694 2308 859 2377 translata
882 2309 1022 2378 suntin
1046 2307 1274 2379 Rhetoricam

270 2425 410 2510 Artem,
426 2421 472 2493 de
490 2445 562 2516 qua
579 2420 733 2516 agimuS,
748 2419 926 2490 Titianum
942 2433 1004 2489 aut
1020 2420 1193 2514 majorem
1212 2435 1274 2492 aut

269 2536 448 2608 minorem
462 2535 652 2630 (majorem
666 2533 800 2632 potius,
815 2547 855 2603 ut
866 2532 958 2606 Maio
971 2531 1127 2629 videtur)
1140 2535 1175 2604 in
1193 2535 1274 2631 ipso

271 2650 389 2750 operis
418 2647 520 2719 titulo
548 2661 583 2717 et
608 2647 645 2716 in
673 2647 748 2743 ipsa
772 2644 843 2716 fine
868 2661 1099 2738 annumeret3
1117 2647 1276 2720 Titianus

272 2777 391 2835 autem
416 2778 565 2859 uterque
585 2785 661 2831 non
682 2760 781 2858 prius
802 2784 910 2855 quam
931 2786 970 2831 ιιι
991 2774 1073 2856 post
1094 2760 1277 2835 Christum

272 2878 401 2952 saeculo
423 2877 595 2948 floruerit.
618 2873 726 2962 Quod
746 2896 832 2943 vero
849 2871 896 2941 ad
912 2872 1021 2941 vitam
1036 2875 1076 2941 C.
1093 2870 1175 2941 Julii
1192 2874 1276 2945 Vic-

273 2995 361 3067 toris
375 3004 522 3090 spectat,
537 2988 632 3059 idern
648 2987 760 3056 Maius
776 3009 851 3055 non
867 2983 1123 3062 abhorrentem
1141 3011 1162 3056 a
1180 2988 1276 3059 veri-

274 3105 381 3177 simili
409 3103 651 3197 conjecturam
677 3097 801 3189 credit,
829 3122 899 3195 qua
928 3097 1206 3169 videaturunus
1233 3124 1278 3170 ex

276 3215 554 3318 provincialibus
577 3215 634 3287 his
657 3215 694 3284 in
714 3211 829 3284 Gallia
853 3199 1048 3285 rhetorices
1071 3214 1280 3311 professori·

179 3408 181 3418 Α
275 3330 360 3419 bus,
378 3329 440 3427 qui
456 3328 649 3398 oratoriam
669 3340 782 3396 artem
800 3326 837 3396 in
851 3325 1126 3424 municipalibus
1146 3324 1279 3398 scholis

277 3443 513 3530 edocuerunt,
528 3439 610 3512 Julii
620 3441 713 3512 illius
721 3439 850 3510 Titiani
859 3465 961 3512 more
974 3442 1037 3537 qui
1049 3439 1095 3511 ab
1106 3440 1281 3536 husonio²

176 3600 179 3606 Δ
277 3581 375 3629 nunc
396 3555 493 3654 apud
511 3556 775 3645 Visontionem,
796 3579 893 3627 nunc
918 3554 1016 3653 apud
1043 3553 1278 3648 Lugdunum,

279 3668 423 3740 dicendi
437 3667 561 3742 studiis
577 3669 730 3743 vicissim
746 3668 955 3768 praepositus
967 3667 1196 3740 consenuisse
1211 3681 1282 3740 tra·

280 3781 388 3856 ditur.

323 4055 352 4112 l.
376 4046 483 4118 Maius,
500 4046 610 4124 praelat.
626 4043 663 4104 ad
676 4041 854 4123 Symmach,
869 4059 899 4119 p.
915 4028 1022 4097 xxrur.

214 4147 216 4150 ’
324 4151 353 4206 2.
380 4146 462 4206 Grat.
475 4153 531 4201 act.
544 4137 651 4222 ²53¹·
