2738 4928
666 430 717 448 ...
742 391 864 509 24,-

265 581 283 618 (ι
304 553 443 620 Horum
458 570 565 617 nemo
584 558 673 632 erat,
692 542 823 639 inquit,
838 541 901 637 qui
920 540 1067 613 dilatare
1083 557 1203 640 posset
1223 556 1277 614 at*-

262 685 371 760 quea
389 660 535 759 propria
551 682 593 729 ac
610 654 757 728 definita
781 655 1024 752 disputatione
1048 653 1207 727 hominis
1230 679 1276 728 ac

263 774 436 872 temporis
462 772 509 843 ad
530 794 763 842 communem
784 769 1017 866 quaestionem
1035 769 1191 840 universi
1213 793 1275 866 ge·

263 887 359 959 neris
377 885 579 957 orationem
597 882 830 955 traducerer.
854 913 871 947 »

312 998 379 1068 Cui
389 1021 503 1093 quum
518 996 753 1093 quaestionum
768 995 890 1094 generi
902 1009 1037 1067 tantam
1054 997 1091 1067 in
1109 982 1279 1069 oratione

264 1111 365 1180 omui
379 1110 619 1208 praestantiam
630 1110 764 1181 Tullius
776 1110 1019 1205 assignaverit,
1036 1135 1143 1206 quem
1158 1136 1275 1206 quum

264 1216 302 1294 in
320 1248 363 1295 ea
380 1224 572 1323 opinione,
600 1239 677 1294 tum
699 1222 770 1294 sere
797 1224 923 1295 ceteris
946 1223 1114 1294 omnibus
1131 1224 1275 1310 Quinti·

262 1336 379 1409 lianus
406 1350 547 1408 secutus
570 1350 642 1425 est3
663 1360 774 1433 quare
794 1339 833 1418 C.
855 1335 967 1407 Julius
983 1337 1109 1406 Victor
1127 1350 1162 1406 et
1183 1339 1276 1406 Her-

262 1471 419 1553 magorae
442 1461 478 1519 et
502 1449 647 1519 illorum
673 1463 849 1547 praecepta
876 1449 1055 1541 imitatus,
1084 1449 1147 1518 etsi
1166 1448 1280 1545 longe

264 1557 365 1632 abest
381 1574 422 1630 ut
439 1561 620 1657 generales
640 1560 756 1633 theses
773 1559 819 1631 ah
834 1560 1058 1631 orationibus
1076 1559 1278 1652 secluserit,

264 1695 324 1744 eas
336 1686 455 1744 tamen
473 1673 615 1746 minore
623 1697 711 1744 cura
717 1726 727 1761 ,
739 1697 850 1767 quarn
863 1673 1000 1769 antiqui
1017 1672 1198 1761 rhetores,
1218 1696 1276 1744 re·

265 1786 419 1884 spexisse
436 1784 611 1857 dicendus
634 1785 706 1857 est?
725 1786 783 1857 Oh
801 1785 887 1858 alias
910 1785 1059 1860 fortasse
1075 1810 1218 1876 causas,
1239 1778 1278 1858 et

264 1894 414 1996 propter
424 1897 519 1971 hanc
536 1899 723 1995 imprimis,
738 1923 795 1970 res
810 1899 916 1971 nobis
933 1923 974 1970 ea
990 1913 1043 1972 est
1060 1923 1139 1996 quae
1154 1901 1282 1996 expla-

265 2026 382 2085 netur.
396 2013 536 2103 Scilicet
548 2014 748 2112 quondam,
760 2039 873 2110 quum
884 2014 1097 2112 eloquentiae
1109 2031 1144 2086 et
1155 2015 1277 2113 philo·

165 2158 167 2163 ·
264 2125 400 2224 sophiae
436 2142 529 2198 artes
565 2127 712 2225 paribus
752 2127 878 2198 studiis
923 2128 1121 2217 florerent,
1161 2154 1278 2225 quum

263 2239 421 2311 maxima
458 2238 661 2310 oratoribus
695 2239 839 2338 premia
869 2240 906 2308 in
936 2240 1072 2336 ingenti
1096 2241 1278 2336 quodam·

265 2351 379 2422 modo
405 2350 617 2448 eloquentiae
637 2375 766 2450 campo
789 2353 1067 2449 exspatiantibus
1091 2378 1284 2452 propone·-

249 2485 257 2501 ²
265 2476 403 2555 rentur,
434 2488 546 2559 quum
571 2463 698 2535 eadem
716 2465 849 2560 ingenii
870 2465 1070 2537 excelsitate
1097 2481 1134 2537 et
1160 2466 1278 2540 altitu·

267 2574 352 2647 dine
363 2576 572 2674 amplissimi
585 2578 652 2649 viri
669 2602 766 2649 nunc
780 2578 985 2650 facundiam
1001 2604 1124 2651 coram
1136 2580 1277 2679 populo

266 2705 494 2778 exercerent,
519 2715 617 2761 nunc
643 2691 682 2761 in
710 2691 785 2764 otio
815 2690 1168 2791 philosopharentur,
1189 2709 1285 2765 tuno

264 2802 430 2900 prolecto
456 2796 549 2876 miro
570 2807 731 2902 quodam
755 2806 992 2905 philosophiae
1011 2822 1047 2880 et
1063 2806 1279 2904 eloquentiae

266 2924 446 2987 consensu
472 2920 689 3016 peculiarem
723 2944 1013 3019 unamquamque
1046 2946 1190 2994 causam
1227 2921 1277 2994 ad

266 3027 505 3100 universalem
533 3033 768 3127 quaestionem
790 3034 1022 3127 attollebant,
1050 3061 1093 3108 ex
1118 3053 1190 3134 qua
1212 3059 1277 3108 co-

264 3139 367 3240 piose
392 3157 427 3216 et
451 3144 548 3218 varie
560 3142 740 3246 disputata
756 3146 803 3219 ad
820 3149 1010 3248 specialem
1034 3149 1166 3222 deinde
1191 3148 1280 3219 illu·

266 3253 431 3345 striorem
463 3281 505 3331 ea
539 3282 579 3330 re
611 3258 740 3332 factam
763 3260 981 3335 descendere
1010 3261 1186 3335 solebant.
1216 3260 1281 3333 sic·

264 3369 416 3479 tullius,
435 3372 536 3461 verbi
555 3375 687 3486 gratia,
704 3392 850 3458 cunctas
867 3379 937 3455 fere
955 3378 1135 3455 orationes
1148 3403 1191 3453 ex
1211 3401 1281 3452 an-

177 3494 180 3499 *
267 3518 371 3602 gusto
389 3503 608 3601 privatarum
623 3524 813 3573 causarum
827 3499 941 3597 spatio
951 3522 1015 3598 per
1024 3494 1275 3568 incredibilem

268 3616 463 3715 quamdam
481 3616 614 3714 ingenii
639 3615 842 3686 facilitatem
860 3611 1132 3707 ubertatemque
1152 3609 1198 3682 ad
1219 3632 1277 3705 ge·

268 3729 443 3800 neralium
469 3730 706 3824 quaestionum
730 3750 925 3818 cacumen,
954 3740 993 3799 ut
1028 3724 1078 3797 ita
1108 3721 1274 3812 dixerim,

269 3842 393 3933 erexit,
413 3838 509 3911 unde
525 3840 644 3913 lucem
658 3854 693 3912 et
711 3843 842 3912 mirum
861 3838 1090 3937 splendorem
1106 3836 1273 3932 negotio,

270 3951 401 4050 dequo
414 3951 556 4048 agebat,
569 3952 722 4024 allerret.
733 3952 886 4024 Victoris
896 3965 1032 4043 autem,
1045 3949 1152 4041 Galli,
1166 3962 1207 4021 ut
1220 3947 1278 4020 vi·

311 4185 342 4241 t.
364 4180 423 4242 cte.
445 4184 543 4256 Brut,
563 4199 628 4260 cap.
650 4199 736 4255 xern,
761 4182 830 4242 322.
