2738 4928
600 287 796 360 43...

192 433 401 522 deterreret,
418 456 552 530 nempe
567 431 714 505 forsitan
727 457 769 506 ex
780 433 955 507 industria
965 439 1194 535 panegyricas

191 547 277 631 ideo
291 547 471 621 orationes
484 571 572 635 esse,
586 547 623 618 in
632 546 699 619 illo
711 548 863 622 Victoris
872 549 955 621 libri
964 549 1060 642 loco,
1080 551 1127 624 ob
1139 553 1195 624 ni·

189 660 301 733 miam
314 658 486 733 laudandi
499 658 683 732 lasciviam
701 661 954 759 reprehensas,
974 664 1074 760 quod
1089 664 1195 762 hujus

189 775 342 847 aetatein
355 773 478 845 Galliis
490 794 618 847 eorum
628 774 817 847 hominum
827 800 941 872 genus
949 775 1195 851 abundaretet

190 887 293 982 quasi
307 886 512 984 pullularet,
535 887 598 984 qui
614 888 816 961 oratoriam
826 888 1021 961 dictionem
1037 890 1194 987 pessimo

187 999 388 1096 praedicatis
417 1014 558 1071 tumore
592 999 758 1071 laudibus
795 1001 1056 1099 depravarent?
1089 1001 1193 1074 Unde

186 1110 330 1184 infirma
346 1111 634 1185 adolescentium
647 1112 795 1213 judicia,
811 1128 846 1185 et
864 1114 1039 1213 imprimis
1051 1114 1193 1210 juvenis

184 1222 279 1297 illius
301 1225 403 1320 cujus
418 1227 532 1321 gratia
551 1226 766 1306 Rhetoricen
783 1227 1027 1324 composuisse
1043 1251 1123 1299 eam
1138 1227 1192 1302 vi·

186 1335 305 1429 detur,
323 1338 521 1434 plurimum
532 1338 661 1410 damni
678 1354 714 1410 et
729 1338 925 1411 insanabile
945 1338 1082 1410 malum
1096 1339 1193 1410 acci·-

185 1474 273 1547 pere
301 1466 481 1549 poterant.
507 1451 577 1522 Sed
603 1452 680 1523 haec
706 1452 914 1546 conjectura
938 1451 1192 1524 tantummodo

183 1577 248 1645 est.
269 1563 377 1650 Quod
400 1579 601 1663 autempro
619 1579 718 1636 certo
736 1565 868 1636 hahere
883 1562 1068 1654 debemus,
1083 1563 1120 1637 id
1139 1579 1193 1638 est

183 1674 377 1768 fastidium,
392 1677 610 1776 quoubique
623 1677 803 1750 constanti
815 1678 937 1748 animo
947 1677 1070 1748 Victor
1082 1701 1192 1749 novo·

184 1814 265 1863 rum
280 1791 423 1863 dicendi
442 1791 693 1888 scribendique
708 1807 742 1862 et
759 1815 939 1887 generum
950 1805 990 1861 et.
1000 1805 1190 1864 auctorum

184 1904 346 2002 exempla
360 1903 521 1999 neglecta
535 1904 780 2000 praetermittit.

234 2018 423 2087 Contraria
450 2039 537 2086 vero
563 2016 707 2095 ratione
725 2014 772 2085 ad
788 2039 830 2086 ea
847 2014 999 2085 libenter
1016 2014 1190 2085 memoria

186 2128 351 2217 recurrit,
373 2151 453 2224 quae
467 2126 650 2198 veterrimi
665 2125 723 2199 vel
741 2128 985 2197 Romanorum
1000 2125 1190 2221 scriptores

159 2268 160 2271 ¹
184 2238 426 2336 suppeditant.
445 2244 570 2336 Itaque
584 2238 632 2310 ab
648 2239 728 2338 ipso
747 2239 864 2336 operis
882 2237 983 2309 initio
997 2239 1018 2327 ¹,
1040 2261 1113 2332 quo
1130 2237 1186 2307 in·

181 2353 359 2424 ventionis
381 2352 476 2449 leges
495 2351 700 2446 exorditur,
719 2351 864 2438 Catonis
884 2364 1126 2448 praeceptum,
1147 2365 1188 2422 ut

181 2465 244 2559 ait,
256 2491 356 2563 paene
374 2466 552 2558 divinum,
567 2464 726 2558 adducit,
741 2464 841 2562 quod
857 2465 988 2562 natust
1001 2479 1187 2560 sumptum

181 2601 202 2650 e
220 2578 313 2650 libro
332 2579 377 2650 de
392 2582 557 2671 Oratore,
570 2603 677 2675 quem
696 2593 899 2650 memorant
909 2578 1017 2676 prisci
1033 2577 1184 2675 aliquot,

179 2693 392 2790 suspicatur,
405 2691 575 2790 quodque
583 2690 652 2763 hae
660 2706 823 2763 veterum
832 2689 1005 2767 brevitate
1013 2689 1187 2787 scriptum
1236 2755 1238 2758 ,

180 2802 230 2875 ita
253 2827 275 2877 a
299 2804 444 2877 Victore
467 2817 594 2875 nostro
608 2804 761 2875 refertur
781 2828 794 2871 .:
817 2829 836 2870 u
855 2805 943 2873 Rem
960 2815 1059 2892 tene,
1074 2799 1185 2875 verba

179 2931 420 3013 sequentur.»
440 2915 547 3006 Quod
564 2916 713 3014 quidem
728 2916 905 3015 deperditi
916 2913 999 2986 libri
1011 2915 1187 3012 fragmen·

180 3043 272 3119 tum,
292 3029 447 3103 abillius
469 3030 538 3101 viri
554 3031 698 3127 ingenio
712 3029 930 3130 profectum,
955 3029 1018 3127 qui
1035 3030 1186 3104 sortasse

180 3141 329 3234 ibidem,
337 3142 608 3241 praeclarissima
616 3142 932 3233 desmitioneusus,
944 3159 1126 3216 oratorem
1135 3145 1186 3216 vi·

178 3280 261 3327 rum
278 3256 418 3331 bonum
435 3282 510 3330 esse
524 3257 839 3356 dicendiperitum
857 3259 1056 3355 scripserat,
1078 3255 1185 3329 nobis
1282 3332 1284 3336 Α

179 3369 256 3440 sine
272 3370 424 3442 Victoris
439 3396 549 3470 opere
567 3371 730 3466 ignotum
746 3372 920 3469 periisset.
942 3375 986 3440 Et
999 3384 1119 3440 tamen
1139 3392 1184 3440 eo

178 3485 367 3580 pretiosius
385 3485 661 3580 existimandum
689 3498 758 3576 est,
790 3481 889 3580 quod
916 3481 1001 3552 inde
1029 3481 1184 3580 perspici

177 3595 259 3668 licet
277 3595 583 3695 quemadmodum
609 3598 762 3696 praecisae
778 3595 885 3692 hujus
900 3593 1084 3667 breuitatis
1101 3618 1181 3668 sen·

178 3733 259 3782 sum
276 3709 407 3782 deinde
423 3710 513 3782 varii
523 3711 730 3809 scriptores,
746 3708 1021 3809 acpraeemlml'
1036 3707 1179 3802 Cicero,

216 3900 247 3958 l.
267 3898 340 3956 (1.1.
356 3893 444 3970 Vim,
458 3909 620 3975 capatppi
630 3897 666 3955 ll.

216 3987 246 4048 2.
271 3985 362 4058 Ihm,
374 3996 436 4044 not.
451 3987 480 4042 2.

217 4079 247 4137 ³.
271 4077 329 4138 eie.
348 4080 385 4134 de
398 4078 527 4148 Oratore,
540 4075 571 4145 I,
588 4075 624 4149 63
638 4074 667 4144 1,
682 4074 810 4148 llam,
827 4074 888 4133 bet
901 4075 941 4134 t,
