2738 4928
176 505 276 601 licet,
292 525 331 583 ut
346 510 394 582 ait
406 509 518 581 natus
530 513 552 599 ¹,
569 533 644 581 non
664 533 747 580 cum
762 509 927 605 Augustei
940 509 1005 580 aevi
1023 509 1176 607 scripto„-

176 624 276 698 ribus
293 622 556 722 comparandus
572 624 636 714 sit,
660 647 702 693 ac
724 623 834 694 nimia
856 621 1020 694 facilioris
1042 622 1176 720 ingenii

177 738 397 836 indulgentia
421 761 547 808 omnes
568 735 741 832 loquendi
760 734 1010 833 scribendique
1032 734 1177 808 delicias

176 868 339 951 tempore
371 875 437 922 suo
463 848 656 921 celebratas
680 863 917 941 consectetur,
943 848 1177 921 nihilominus

116 1010 118 1015 <
177 965 291 1036 multo
309 964 519 1036 vividiorem
532 977 639 1059 atque
655 962 833 1034 veriorem
853 963 1174 1054 sermocinationis,

177 1103 240 1150 sua
253 1093 353 1149 aetate
368 1077 500 1149 usitatae
513 1091 548 1147 et
562 1075 776 1173 lepidissime
793 1076 829 1146 in
848 1076 1006 1172 epistolis
1026 1076 1098 1146 suis
1116 1076 1179 1153 ad·

177 1193 375 1281 umbratae,
411 1191 599 1286 imaginem
638 1190 788 1287 posteris
823 1190 1030 1286 reliquerit,
1069 1214 1177 1289 quam

176 1309 217 1378 C.
237 1309 268 1376 J.
290 1306 424 1377 Victor.
447 1305 512 1375 Hic
534 1305 643 1391 enim,
664 1328 700 1373 ιν
721 1317 803 1401 post
827 1302 1006 1374 Christum
1028 1302 1174 1390 saecu10,

175 1405 213 1493 in
228 1447 272 1493 eo
280 1420 543 1521 propemodum
554 1421 657 1503 unice
666 1419 824 1491 intentus
836 1432 902 1507 est,
920 1433 958 1489 ut
968 1419 1178 1489 Ciceronem

104 1574 106 1578 ·
177 1535 280 1606 unice
303 1560 344 1606 ac
369 1533 646 1622 Quintilianum,
672 1557 754 1604 cum
771 1535 893 1631 paucis
916 1533 1068 1603 aliorum
1086 1555 1176 1629 quo·

176 1647 342 1720 rumdam
381 1647 610 1744 antiquorum
644 1646 826 1743 praeceptis
855 1646 1062 1735 rhetorum,
1093 1644 1177 1715 imi-

177 1761 307 1832 tandos
342 1774 543 1858 proponat3
576 1784 693 1856 neque
724 1760 797 1831 fere
827 1759 942 1831 ullum
973 1774 1176 1856 temporum

176 1898 324 1945 suorum
348 1873 577 1970 eloquentiae,
607 1872 849 1946 describendae
876 1873 1016 1957 saltem,
1047 1873 1175 1944 sinon

176 1985 480 2082 comprobandae,
516 2001 718 2084 respectum
756 1986 823 2058 sihi
857 1987 1068 2059 habendum
1103 2009 1176 2071 esse

176 2100 376 2171 existimare
391 2099 544 2170 videtur.

172 2206 175 2213 ’
225 2216 306 2283 Ilaec
324 2212 395 2283 lere
408 2227 510 2284 erant
523 2238 602 2309 quae
618 2212 664 2284 de
678 2215 795 2312 prima
810 2213 871 2286 illa
886 2239 929 2285 ex
945 2213 1059 2285 tribus
1075 2237 1178 2308 argu·

177 2323 1178 2420 mentationibusgeneralibusconclusione,finemtertiae

176 2438 295 2535 operis
313 2438 426 2509 nostri
446 2440 538 2535 parti
559 2438 793 2535 imposituris,
814 2440 1023 2512 disserenda
1045 2439 1179 2511 habue-

177 2551 1176 2652 ramus.nuncprotinusadsecundamrectapergamus,

177 2666 214 2735 in
229 2689 312 2761 qua,
333 2690 440 2761 quem
455 2663 560 2762 plane
575 2665 850 2739 Ciceronianam
869 2667 975 2738 luisse
992 2668 1085 2738 inter
1100 2664 1181 2739 Gal·

177 2775 265 2848 licos
297 2776 458 2848 rhetores
489 2775 664 2848 fautorem
702 2781 1008 2868 monstravimus,
1037 2781 1067 2849 is
1096 2779 1179 2851 ideo

177 2892 319 2962 ostendi
333 2891 439 2962 debet
457 2893 492 2960 in
512 2914 637 2963 omnes
653 2894 792 2963 eneruis
808 2893 1020 2990 eloquentiae
1042 2891 1180 2965 errores

177 3017 383 3075 constanter
399 3004 558 3073 invectus
574 3028 663 3074 esse.
682 3005 750 3075 Sed
767 3031 920 3102 quorsus
937 3006 996 3078 hic
1020 3021 1179 3103 repetam

178 3139 257 3211 qnae
275 3114 375 3183 facilc
392 3140 433 3184 ex
450 3139 558 3212 supra
583 3114 707 3187 dictis‘
728 3119 764 3187 in
782 3121 992 3211 sententias,
1013 3119 1050 3190 in
1067 3118 1182 3190 decla·

179 3227 355 3298 motiones
371 3227 489 3297 nimiis
505 3228 726 3300 audientium
744 3255 784 3302 ac
801 3234 1026 3304 recitantium
1046 3232 1182 3304 deliciis

179 3339 383 3429 affluentes,
405 3341 441 3410 in
464 3342 698 3438 panegyricos
721 3368 924 3431 sermones,
944 3360 979 3415 et
1004 3346 1040 3415 in
1064 3359 1182 3415 cetera

180 3453 301 3525 omnia
335 3452 545 3550 eloquentiae
583 3454 783 3553 depravatae
821 3482 985 3530 errorum
1018 3457 1182 3556 exempla

177 3569 379 3665 comparari
389 3567 540 3663 etobjici
549 3570 948 3665 possuntlDesecunda
958 3571 1027 3643 hac
1036 3597 1184 3669 genera·

179 3680 267 3751 lium
283 3695 485 3783 nostrarum
496 3680 768 3753 conclusionum
777 3686 943 3782 portione
955 3685 1075 3756 dicere
1088 3685 1183 3755 sulli-

180 3794 261 3876 ciat,
287 3794 421 3890 optime
444 3793 590 3890 intelligi
615 3820 724 3891 qnare
740 3800 780 3867 C.
798 3803 827 3867 J.
845 3799 967 3869 Victor
995 3813 1068 3870 tam
1097 3825 1185 3871 con·

181 3905 286 3978 stanti
301 3905 419 3977 studio
432 3931 557 3978 omnes
570 3909 680 4004 magis
693 3911 874 4008 magisque
886 3926 1064 4007 corruptae
1076 3927 1184 4008 atquc

221 4079 252 4136 l.
275 4074 332 4133 Adi
342 4074 463 4148 Maium,
475 4080 511 4133 de
524 4078 681 4150 Symmach.
697 4082 929 4158 oratore,--p.1sxx
939 4091 1036 4143 etam·

222 4167 253 4225 2.
276 4164 349 4224 Vide
362 4185 394 4244 p.
415 4169 519 4225 tt-ta.
