2738 4928
565 328 783 400 -tot-

177 494 401 578 comparatae,
413 478 466 550 vel
476 479 747 577 disputationes.
759 477 906 550 Victoris
915 476 1048 547 ethnici
1056 476 1174 549 homi·

177 595 233 665 nis
248 617 337 687 aevo,
356 618 377 663 a
394 617 616 691 paganorum
633 591 800 662 societate
816 604 853 662 et
865 589 987 660 litteris
1003 588 1050 659 ad
1064 587 1174 660 chris-

178 707 291 777 tianos
319 704 559 776 recedendum
585 719 637 775 est
661 705 713 796 ei,
738 703 799 799 qui
820 703 950 773 iterum
973 726 1174 800 expressam

176 819 331 916 reperire
356 817 439 888 velit
464 832 498 889 et
515 814 728 888 dissociabili
749 813 908 911 quodam
923 814 1067 886 vinculo
1083 840 1175 887 eon-

173 931 333 1028 junctam
350 955 571 1002 summarum
585 928 840 1000 sententiarum
856 951 1046 1023 rerumque
1064 928 1176 1024 gravi-

176 1057 285 1114 tatem
310 1069 392 1114 cnm
416 1044 541 1114 intima
568 1042 628 1114 illa
648 1067 668 1113 e
693 1056 837 1140 pectore
862 1039 972 1112 libere
989 1040 1175 1112 exundari·
1241 1072 1243 1076 ⁴

178 1156 266 1227 tium
290 1156 481 1227 affectuum
498 1158 535 1227 iu
554 1157 667 1227 amica
689 1170 834 1254 pectora
856 1154 1040 1224 effusione.
1062 1158 1174 1244 Hanc,

178 1269 206 1338 si
230 1268 337 1361 velis,
368 1269 465 1369 apud
489 1269 746 1366 Augustinum,
773 1267 869 1366 apud
895 1267 1174 1363 Hieronymum

179 1381 274 1481 apud
295 1382 462 1454 Basilium
485 1406 526 1452 ac
544 1383 757 1479 Gregorium
778 1381 1060 1474 Nazianzenum‚
1081 1379 1177 1479 apud

178 1509 314 1568 ceteros
335 1495 533 1567 christianae
559 1495 714 1566 caritatis
734 1495 943 1591 interpretes
967 1492 1093 1583 adeas;
1115 1492 1178 1564 sed

178 1608 275 1706 apud
302 1634 459 1707 paganos
486 1607 650 1679 eamdem
668 1609 705 1678 in
731 1607 886 1678 dicendo
907 1632 1027 1678 rerum
1052 1607 1176 1704 ampli·

179 1720 342 1792 tudinem
355 1745 396 1791 ac
412 1721 562 1791 liberam
578 1720 834 1791 sententiarum
853 1720 1101 1816 sinceramque
1118 1719 1178 1791 de-

178 1833 433 1926 clarationem,
476 1834 576 1905 omni
616 1832 810 1904 verborum
850 1849 1021 1931 apparatu
1058 1848 1178 1930 spreto

178 1961 305 2044 sponte
321 1945 474 2043 quadam
488 1971 550 2017 sua
566 1971 603 2016 se
619 1945 839 2034 dilatantem,
853 1969 928 2017 non
938 1945 1014 2040 jam
1028 1947 1179 2017 Victoris

137 2056 139 2063 '
179 2073 279 2131 aetate
304 2060 468 2157 reperies.
490 2063 570 2131 Non
590 2058 690 2156 quod
713 2058 810 2158 apud
826 2059 1041 2131 christianos
1068 2085 1105 2131 ιν
1122 2086 1180 2132 sae·

180 2173 250 2243 culi
283 2173 513 2271 epistolarum
535 2175 739 2271 scriptores,
764 2199 839 2244 non
866 2172 1021 2270 plurima
1048 2172 1179 2245 indicia

180 2283 374 2356 rhetorices
399 2285 584 2380 cujusdam
608 2286 849 2377 offendantur,
876 2287 1006 2357 nimios
1034 2302 1180 2358 senten-

179 2395 311 2465 tiarum
336 2394 603 2494 verborumque
626 2411 772 2469 ornatus
799 2398 1018 2496 nimiamque
1044 2399 1181 2471 subtili·

181 2521 290 2577 tatem
305 2507 512 2579 affectantis.
527 2508 679 2580 Difficile
695 2511 792 2582 enim
806 2510 904 2582 dictu
921 2526 987 2602 est,
1005 2527 1181 2608 quantum

180 2635 215 2692 et
228 2624 403 2717 quatenus
420 2623 620 2722 depravatae
635 2649 856 2722 paganorum
873 2624 1059 2696 rhetorum
1076 2626 1181 2696 disci·

180 2733 285 2832 plinae
303 2750 338 2806 et
358 2751 470 2826 artes,
489 2737 586 2836 apud
604 2738 680 2835 ipsa
701 2738 973 2809 christianorum
990 2739 1182 2810 hominum
1208 2816 1211 2821 Δ

179 2847 341 2943 ingenia,
369 2874 403 2919 iv
429 2864 464 2921 et
486 2875 509 2918 v
531 2850 803 2941 etiamsaeculo,
831 2851 867 2921 in
885 2851 1023 2921 Sidonii
1042 2851 1182 2948 Apolli-

112 3044 114 3048 *
180 2962 295 3048 naris,
325 2962 362 3031 in
386 2961 561 3050 Eunoni,
581 2963 617 3033 in
641 2963 715 3034 divi
737 2963 883 3058 Remigii
908 2976 1182 3061 ceterorumque

180 3072 418 3170 plurimorum
435 3073 666 3145 conficiendis
683 3075 852 3173 operibus
868 3076 1055 3151 valuerint.

181 3569 204 3652 S
224 3575 253 3632 l.
277 3573 433 3631 Generales
448 3585 503 3632 tres
515 3572 729 3644 conclusiones,
742 3571 774 3630 in
789 3590 912 3648 quarum
929 3572 1012 3630 tertia
1030 3573 1070 3630 ita
1086 3572 1183 3633 Victor

219 3680 285 3719 cum
305 3662 421 3720 Gallicis
443 3683 473 3719 ιν
496 3663 551 3721 aevi
573 3661 735 3721 rhetoribus
755 3662 913 3737 confertur,
939 3675 972 3719 ut
989 3663 1091 3720 melius
1111 3663 1182 3737 inde

221 3748 347 3828 dignosci
359 3750 462 3831 possit.

228 3967 297 4038 Sed
316 3983 355 4038 ut
372 3967 492 4040 denuo
513 3969 558 4040 ad
580 3970 760 4041 Victorem
782 3984 965 4058 nostrum,
983 3970 1089 4042 nobis
1102 3971 1183 4067 qui·

180 4079 263 4151 dem
286 4105 379 4153 nova
404 4081 449 4153 de
475 4081 773 4155 sermocinatione
789 4083 892 4156 aede
915 4084 1071 4183 epistolis
1093 4110 1180 4183 pro·
