2738 4928
587 336 783 408 ..7·0..

179 486 309 559 turicas
339 486 515 584 palaestras
541 487 663 558 missas
696 487 842 577 leceris,
874 510 953 582 quae
981 498 1021 557 ut
1045 484 1186 560 addunt

179 599 333 669 orationi
377 601 645 687 auctoritatem,
694 601 744 672 sic
789 598 981 671 detrahunt
1026 600 1186 671 sermoni

179 709 302 781 fidem.
324 715 484 783 Attamen
506 711 654 783 habebit
671 737 788 783 sermo
808 711 925 783 lucem
941 735 1056 799 suam,
1078 725 1119 782 ut
1142 711 1188 781 sit

177 823 326 922 simplex
356 839 392 896 et
419 825 584 923 aequalis,
627 839 664 897 ot
692 839 773 896 unte
801 824 923 895 omnia
955 847 1079 895 carens
1118 822 1187 894 ob-

176 936 353 1006 scuritate.
375 938 590 1007 Sermonum
605 949 837 1032 argumenta,
856 958 935 1031 quae
951 958 1094 1030 semper
1109 959 1187 1006 csse

176 1047 235 1119 vix
268 1048 359 1119 seria
387 1063 556 1146 possunt,
591 1049 802 1146 plerumque
834 1072 872 1118 se
902 1046 993 1142 jocis
1023 1046 1187 1118 inseren-

177 1159 291 1253 tibus,
312 1177 435 1233 tamen
452 1187 595 1260 semper
618 1163 770 1233 honesta
795 1161 878 1232 sint.
906 1164 948 1231 tt
969 1184 1044 1231 non
1065 1160 1186 1258 inepte

176 1297 296 1370 neque
309 1274 480 1370 jurgiosae.
500 1281 589 1347 Nam
605 1274 738 1347 multos
752 1299 854 1369 nugae
868 1274 1014 1371 rapiunt
1023 1273 1069 1345 ad
1081 1274 1187 1345 foedi·

177 1400 307 1476 tatem,
336 1413 403 1460 neo
425 1414 500 1460 non
527 1390 775 1460 contentiones
799 1387 845 1458 ad
865 1386 1036 1457 furorem.
1063 1390 1187 1472 Quum

178 1501 346 1571 tamenin
362 1504 461 1573 omni
474 1518 574 1601 parte
584 1504 681 1593 vitae,
698 1517 777 1573 tum
788 1502 826 1572 in
842 1500 1071 1573 sermonibus
1082 1502 1187 1598 quies

177 1613 315 1708 opt-ima
341 1629 406 1686 est.
434 1621 521 1688 Fore
548 1640 665 1687 sermo
692 1615 865 1710 cujusque
890 1637 1008 1684 mores
1036 1612 1182 1711 probat.

176 1728 270 1797 Cave
298 1752 345 1799 ne
373 1753 482 1825 quern
511 1754 677 1800 sermone
709 1728 835 1819 laedas,
865 1726 920 1798 vel
949 1742 1094 1824 aperto,
1125 1727 1187 1798 vel

175 1838 337 1933 inversu,
355 1843 413 1913 vel
424 1842 627 1933 absentem,
649 1841 708 1914 vel
724 1865 859 1913 coram.
880 1841 1033 1936 Agrestis
1050 1842 1186 1936 ingenii

176 1968 229 2025 est
246 1971 306 2026 aut
324 1958 505 2028 neminem
524 1957 724 2056 appellare,
749 1970 809 2026 aut
826 1954 871 2025 de
888 1953 1051 2051 pluribus
1068 1979 1186 2029 unum

176 2067 371 2140 alterumve
405 2068 555 2165 eligere,
589 2069 736 2166 quicum
769 2065 941 2139 fabulere.
976 2068 1186 2165 Superiores

177 2183 366 2254 observare
392 2199 554 2281 oportet,
581 2198 620 2254 ut
644 2175 796 2252 invitent
823 2178 969 2251 clientes
993 2179 1040 2250 ad
1064 2178 1187 2251 collo-

176 2297 382 2392 quendum,
395 2322 481 2367 nam
492 2297 639 2367 inferior
648 2295 842 2365 modestius
856 2293 994 2382 fecerit,
1005 2293 1034 2362 si
1044 2318 1186 2390 exspec-

178 2422 227 2479 tet
243 2396 330 2478 dum
343 2408 552 2493 lacessatur,
572 2409 640 2479 nisi
656 2407 741 2505 quid
761 2408 812 2478 rei
831 2433 902 2478 suae
919 2406 1090 2477 evenerit.
1108 2409 1186 2479 Ser-

176 2547 328 2595 monum
351 2538 469 2597 autem
494 2524 700 2594 occasiones
722 2536 805 2597 sunt
829 2536 864 2592 et
884 2519 1073 2592 sciscitatio
1097 2521 1187 2616 quid

176 2650 283 2733 agant
291 2639 466 2732 rogantis,
479 2652 515 2709 et
523 2635 819 2709 commemoratio
835 2633 925 2732 quid
941 2633 1004 2704 tibi
1015 2648 1077 2704 aut
1086 2634 1186 2705 alteri

176 2751 351 2843 evenerit,
373 2765 435 2822 aut
450 2748 538 2848 quid
558 2773 661 2821 novae
678 2749 730 2820 rei
753 2747 925 2835 audieris,
940 2771 1051 2844 quam
1063 2761 1185 2819 tamen

175 2887 321 2957 narrare
355 2890 430 2937 non
462 2866 507 2936 sit
541 2863 738 2960 religionis,
773 2876 807 2933 et
837 2861 1038 2933 admonitio
1071 2886 1114 2932 ex
1145 2883 1184 2933 re

176 2991 260 3046 nata
293 2977 450 3048 fortuita.
480 2981 558 3048 Jam
589 2976 652 3047 ubi
682 2991 816 3046 statum
853 2988 907 3046 est
937 2974 1096 3066 initium,
1128 2998 1184 3045 res

175 3089 252 3187 ipsa
274 3091 451 3188 perducit.
471 3090 633 3161 Nascitur
654 3090 750 3159 enim
777 3114 820 3159 ex
844 3087 1079 3185 responsione
1102 3110 1185 3158 res-

178 3203 323 3302 ponsio.
352 3208 392 3273 ln
417 3228 491 3299 quo
515 3201 717 3275 cavendum
741 3217 793 3272 est
815 3227 861 3273 ne
889 3200 975 3271 hinc
999 3201 1079 3290 illo,
1110 3226 1184 3298 quo

176 3318 294 3405 aiunt,
322 3316 529 3404 transultes,
555 3315 697 3386 aliudve
716 3313 822 3410 quid,
848 3340 956 3411 quam
981 3339 1053 3412 qua
1077 3314 1185 3387 dere

175 3433 305 3529 agitur,
333 3433 532 3505 interseras.
558 3433 680 3526 Neque
702 3453 810 3526 porro
833 3428 1047 3525 obloquare,
1066 3452 1185 3524 neque

177 3548 273 3623 solus
298 3547 400 3644 loqui
418 3545 592 3643 postuleS,
618 3568 735 3640 neque
760 3557 1015 3640 properantem
1042 3565 1183 3613 morere

178 3675 285 3757 atque
302 3661 389 3733 odio
406 3657 601 3731 obtundas.
620 3656 762 3754 Ubique
777 3656 933 3727 brevitas
954 3652 1097 3728 bonurn
1115 3669 1181 3748 est,

178 3774 290 3855 sedin
308 3799 473 3846 sermone
490 3772 722 3870 praecipuum.
742 3770 892 3842 Alterius
907 3770 1004 3840 enim
1020 3784 1186 3868 tempore

178 3913 258 3981 non·
272 3887 371 3961 abuti
383 3887 498 3959 decet.
514 3886 667 3963 Multum
678 3884 725 3956 ad
736 3884 911 3956 sermonis
929 3883 1078 3979 gratiam
1090 3881 1185 3955 valet

178 4018 338 4073 veterum
361 3991 607 4098 exemplorum
638 3998 832 4088 memoria,
857 4022 979 4068 rerum
1005 4019 1184 4066 novarum

178 4115 344 4210 scientia,
361 4114 389 4185 si
409 4114 467 4187 illa
488 4111 757 4202 accommodes,
776 4135 851 4183 non
875 4125 914 4182 ut
937 4109 1100 4209 quaesita,
1120 4106 1185 4180 sed
