2738 4928
585 333 706 406 ..33
730 373 779 390 ..

178 484 363 580 quantiam
391 478 621 556 inducturum
659 484 897 555 novationum
928 484 1176 578 solummodo,

177 611 239 667 aut
248 597 373 669 saltem
382 597 591 696 praesertim,
606 595 737 668 nimios
753 619 955 694 pravosque
968 621 1054 668 usus
1067 620 1180 669 anuo·

178 721 289 800 tasse;
317 735 379 783 seu
404 710 487 806 quia
512 709 724 780 rorationes
748 708 814 780 illac
826 709 902 805 jam
919 708 1003 780 inde
1025 711 1181 798 aQuin-

179 819 303 893 tiliano
313 823 433 893 indies
441 821 677 920 pessumdatae
686 836 800 913 erant,
810 834 845 893 et
850 821 1084 916 jamVictoris
1093 838 1181 893 tem·

179 956 268 1030 pore
278 935 462 1007 rhetorum
474 935 638 1032 discipuli
649 933 796 1005 illisnon
806 933 906 1005 aliter
914 936 1181 1032 quampcssimc

180 1047 389 1138 utebantur3
417 1074 479 1120 seu
503 1048 585 1145 quia
600 1046 796 1118 rhetorices
816 1045 1072 1145 compendium
1091 1045 1179 1118 ado·

180 1158 343 1232 lescentis
358 1159 544 1256 cujusdam
561 1159 712 1230 studiosi
728 1159 839 1255 gratia
861 1158 1051 1248 scribebat,
1073 1184 1182 1257 quem

180 1274 289 1344 satius
300 1273 455 1347 ducebat
467 1271 675 1362 admonere,
696 1286 736 1342 ut
753 1297 856 1369 paene
871 1272 1022 1342 omnino
1034 1295 1052 1341 a
1065 1273 1183 1369 pravis

182 1385 257 1454 istis
280 1385 581 1458 declamationum
598 1384 733 1456 deliciis
755 1398 914 1472 caveret,
935 1408 1043 1481 quam
1060 1399 1183 1456 aucto-

181 1498 284 1570 ritate
294 1524 369 1586 sua,
381 1498 590 1588 Quintiliani
603 1499 640 1568 in
651 1522 804 1589 morem,
816 1497 1001 1587 inducere,
1014 1511 1184 1569 utearum

181 1611 369 1684 utilitatem
378 1626 552 1708 spectaret
560 1625 594 1682 et
603 1611 669 1682 sibi
682 1611 870 1707 indulgens
879 1611 1181 1684 accommodaret.

181 1729 260 1796 Hoc
278 1725 433 1824 denique
450 1739 673 1822 postremum
689 1725 725 1795 in
744 1723 902 1796 secunda
920 1723 981 1795 illa
997 1725 1089 1796 inter
1105 1725 1185 1797 Vie-

183 1853 300 1910 torem
336 1854 388 1911 et
404 1840 614 1911 Ciceronem
647 1838 868 1934 Fabiumque
908 1839 1185 1935 comparationis

182 1944 284 2050 parte
309 1941 625 2041 animadvertatur,
647 1951 828 2022 rhetorem
844 1975 974 2048 nempe
997 1965 1182 2044 nostrum,

185 2090 299 2161 quum
320 2067 365 2137 de
385 2061 698 2163 pronuntiatione¹
724 2062 914 2159 eloquitur,
942 2064 1084 2159 utrique
1111 2089 1187 2136 esse

186 2179 294 2274 longe
305 2180 477 2281 imparem
484 2206 494 2265 3
518 2191 556 2248 ut
573 2177 634 2274 qui
652 2201 769 2274 neque
784 2174 975 2246 fecundam
988 2176 1090 2247 Tullii
1106 2176 1187 2248 bre·

183 2287 1188 2387 vitatem,nequepauloquidemminutiorem,atdivitem

185 2419 326 2492 tamen,
348 2402 453 2474 deca
477 2426 514 2472 re
538 2399 747 2486 Quintiliani
772 2400 915 2497 copiam
933 2417 1185 2499 consequatur,

185 2518 248 2589 sed
262 2515 466 2587 inconsulto
473 2515 613 2585 diversa
626 2513 811 2609 utriusque
826 2514 963 2609 generis
980 2514 1186 2586 admisceat.

185 2636 239 2702 De
264 2627 536 2702 exercitatione²
558 2626 690 2724 pariter
715 2624 906 2695 amborum
929 2641 1105 2722 praecepta
1122 2652 1190 2724 po·
1275 2668 1277 2670 ·

186 2746 256 2816 tius
272 2742 444 2839 congerit,
459 2762 569 2837 quam
580 2739 757 2809 rationem
767 2737 974 2808 docendiet
990 2736 1191 2810 ubertatem

190 2855 524 2954 dicendiexprimit.
551 2857 623 2924 Nec
641 2851 718 2921 sine
737 2871 866 2940 causa,
889 2873 975 2921 nam
990 2865 1119 2948 practer
1136 2853 1191 2923 in·

186 2971 294 3042 ferius
309 2967 462 3040 Victoris
478 2965 681 3060 ingenium,
702 2963 731 3034 si
747 2986 831 3033 cum
850 2961 1034 3060 utriusque
1048 2963 1191 3061 ingenio

189 3084 403 3172 conseretur,
418 3107 498 3178 quae
510 3079 685 3151 taminter
698 3102 735 3148 se
746 3074 941 3168 dissimilia,
960 3079 1193 3174 quamincre·

190 3195 314 3269 dib'ilia
340 3195 426 3266 hinc
453 3207 655 3281 oratorum,
681 3189 794 3262 Tullio
818 3189 987 3280 florente,
1008 3205 1043 3261 et
1063 3216 1194 3286 magna

190 3309 398 3398 etiamnum,
419 3305 639 3393 Quintiliano
655 3304 821 3391 docente,
841 3303 1100 3375 exercitationis
1117 3318 1195 3388 stu·

191 3419 267 3512 dia,
288 3419 512 3518 amplissimis
530 3417 724 3516 propositis
741 3413 895 3513 praemiis
913 3415 1077 3503 incitata;
1097 3413 1195 3488 illinc

190 3548 309 3605 autem
327 3532 528 3624 deminuta,
548 3546 583 3602 et
598 3531 636 3601 in
649 3526 903 3615 arctissimum,
929 3539 969 3596 ut
984 3540 1088 3597 autea
1104 3524 1195 3597 dixi-

191 3673 288 3739 mus,
315 3647 467 3718 Victoris
496 3659 619 3737 aetate,
648 3641 802 3742 spatium
832 3638 1018 3738 compulsa
1045 3640 1196 3712 oratoris

192 3760 367 3834 munera?
384 3758 578 3848 Quomodo
595 3757 692 3830 enim
708 3754 770 3854 qui
788 3752 833 3827 de
853 3751 1057 3847 stillicidiis,
1073 3768 1134 3826 aut
1150 3751 1197 3824 de

233 4018 262 4072 1.
285 4013 316 4073 G.
330 4014 358 4072 J.
372 4010 464 4082 Vici,
479 4028 545 4089 cap.
558 4027 640 4070 xxiv.
700 4074 704 4080 ¹

234 4107 264 4164 ἓ.
286 4101 382 4175 Ihm,
397 4119 464 4179 cap.
478 4119 547 4158 xxv.
