2738 4928
583 369 632 391 *ν
656 332 712 409 tt*
729 366 790 389 ....-

175 493 284 565 etiam
312 493 476 588 ignaros,
507 490 629 568 nescio
653 511 723 586 qua
746 471 1014 584 disciplinarum
1031 473 1178 558 suatum

176 606 330 678 obscura
354 603 614 677 communitate
630 601 782 699 impulit.
803 599 901 687 Quid
918 598 1018 696 quod
1034 598 1193 675 Gallicae:

175 735 295 811 terre,
312 745 355 790 ex
374 743 446 816 qua
460 711 635 789 oriimdus
650 716 773 786 Victor
784 713 943 802 videtur,
961 714 1105 785 nativus
1121 712 1181 787 ille

174 857 295 932 sapor,
320 848 355 904 et
371 827 557 904 Gallorum
575 831 670 927 genti
687 829 813 900 insitus
829 827 976 926 quidam
988 827 1181 899 bominum

177 947 354 1018 societatis
379 959 414 1017 et
437 942 647 1016 urbanitatis
669 965 783 1028 amor,
809 940 990 1012 rhetorem
1013 955 1183 1012 nostrum

177 1059 325 1130 fortasse
342 1057 500 1145 induxit,
519 1072 561 1127 ut
579 1056 698 1154 potius
722 1078 830 1152 quam
853 1053 1015 1152 plerique
1035 1056 1182 1126 Latino·

178 1195 259 1242 rum
281 1170 460 1260 rhetores,
481 1159 658 1241 sermonis
674 1168 882 1265 dignitatem
904 1182 940 1239 et
957 1192 1061 1243 usum
1083 1183 1183 1239 certo

177 1298 439 1382 praceptorum
455 1282 582 1353 ordine
599 1281 811 1352 illustraret?
828 1282 917 1352 Satis
934 1281 1030 1352 enim
1048 1293 1128 1351 turn
1141 1302 1198 1352 ex-

178 1395 354 1485 Ausonio,
374 1396 459 1469 'tum
481 1420 524 1468 ex
543 1394 775 1492 Symmacho,
796 1410 874 1471 tutu
897 1393 1033 1469 axeliis
1052 1408 1186 1465 aucto-

178 1507 277 1580 ribus
302 1524 400 1606 patet
425 1523 602 1606 quantum
624 1507 755 1579 saeculo
780 1532 833 1596 ιν,
860 1506 919 1578 rel
943 1507 1120 1578 senueris
1147 1507 1198 1578 in‘

177 1621 330 1693 ooetibus
345 1622 600 1712 litteratorum,
622 1621 677 1692 vel
695 1618 927 1718 epistolarum
949 1619 1123 1715 elegantia
1145 1619 1185 1691 in

178 1733 303 1804 Galliis
322 1733 497 1805 lloruerit.
524 1733 663 1820 Quibus
688 1734 801 1804 causis
822 1732 898 1804 brec
915 1733 1021 1829 adjici
1046 1746 1198 1830 potest,-

179 1870 311 1944 nempa
328 1872 371 1917 ex
387 1848 429 1918 iis
445 1847 683 1918 litteratorum
697 1847 837 1925 circulis
855 1848 917 1944 qui
934 1847 980 1921 ab
1000 1847 1086 1945 ipsis
1108 1852 1188 1921 Au·

179 1961 273 2057 gusti
308 1960 549 2058 temporibus,
577 1951 748 2031 Horatio¹
762 1951 867 2049 teste,
883 1959 1034 2060 profecti
1059 1975 1187 2053 erant,

179 2096 223 2143 ae
248 2070 380 2144 deindo
398 2087 472 2144 tam
495 2072 644 2145 uberem
662 2088 897 2170 proventum,
917 2088 952 2151 et
969 2077 1188 2147 Senecamm

179 2199 224 2257 et'·
234 2187 345 2257 Plinii
355 2188 510 2257 Junioris
530 2213 628 2279 aevo,
649 2201 893 2285 poetarum‘et
915 2201 1102 2260 oratorum
1118 2213 1188 2288 pu·

179 2297 273 2369 blioe
290 2319 354 2368 sua
366 2323 476 2395 opera
487 2300 714 2371 recitantium
731 2299 1068 2399 suppeditaverant,
1087 2323 1190 2373 exon

181 2426 261 2489 tum
277 2437 353 2482 esse
360 2413 643 2503 sermocinandi,
658 2438 772 2509 usque
785 2413 832 2485 ad
846 2415 996 2485 Victoris
1005 2429 1199 2512 tempora,

181 2523 341 2622 leporem
361 2524 554 2621 quemdam
581 2548 622 2596 ac
644 2538 857 2623 perpetuum
880 2542 1057 2598 tenorem.
1077 2525 1189 2622 Cujus

182 2636 221 2706 io
255 2637 531 2712 sermocinando
564 2639 712 2710 rationis
733 2638 833 2712 uulla
861 2664 977 2738 prope
1003 2662 1192 2740 superesse

183 2748 344 2846 exempla
372 2748 651 2824 desiderandum
673 2764 736 2822 est.
763 2758 926 2825 Attamen
944 2751 1103 2825 studiose
1126 2777 1192 2824 ve-

182 2877 301 2934 terum
313 2860 479 2960 reliquias
492 2863 537 2934 de
554 2865 854 2936 sermocinatione
870 2865 1012 2937 erudito
1026 2866 1105 2936 viro
1118 2865 1195 2937 col·,

182 2971 324 3068 ligenti,
347 2988 382 3044 et
397 2975 511 3069 hujus
525 2977 628 3048 initia
646 2976 691 3048 ab
709 2979 965 3075 antiquissimis
980 2982 1194 3051 Graecorum

183 3085 372 3183 operibus,
401 3102 436 3158 et
460 3088 506 3160 ab
533 3111 659 3160 eorum
688 3091 892 3163 oratoribus
914 3107 950 3163 et
969 3093 1103 3190 poetis,
1127 3117 1190 3163 co-

185 3197 286 3267 micis
303 3201 515 3294 praesertim,
541 3217 576 3272 et
599 3227 620 3274 a
642 3202 944 3302 philosophorum
964 3204 1192 3277 sermonibus

59 3318 66 3333 “
184 3312 378 3407 repetenti,
407 3328 443 3383 et
475 3316 661 3386 materiam
687 3317 852 3388 eamdem
879 3320 915 3389 in
940 3317 1193 3416 pulcherrimis

182 3423 292 3502 tottii.
301 3424 468 3523 dialogis,
487 3429 524 3499 in
542 3428 723 3527 epistolis,
742 3431 779 3502 in
799 3431 876 3503 aliis
897 3431 1052 3503 aliorum
1078 3431 1193 3529 scrip·-

185 3539 306 3609 torum
330 3539 500 3638 operibus
528 3539 774 3639 persequenti,
795 3559 831 3615 et
859 3569 931 3615 una
958 3568 1043 3615 cum
1061 3544 1202 3616 Latinis.

184 3651 393 3723 auctoribus
419 3656 562 3725 Graecos
595 3657 763 3752 oequales,
795 3657 1044 3747 Plutarchum,
1073 3657 1197 3728 Lucia-

186 3785 275 3839 num
295 3779 331 3834 et
355 3780 491 3838 ceteros
516 3766 733 3860 revolventi,
753 3770 996 3866 planissimam
1015 3768 1112 3868 apud
1131 3790 1199 3840 eu·-

187 3874 306 3972 tiquos
316 3880 581 3953 sermocinandi
599 3883 944 3980 rationisimaginem
955 3898 991 3957 et
1008 3883 1199 3956 historiam

203 4115 260 4172 rr..
281 4115 383 4172 nore.
399 4117 474 4186 aar,
488 4099 521 4192 i,
536 4138 587 4191 a,
602 4096 713 4191 aare
728 4100 837 4194 spese,
852 4124 895 4196 11,
912 4138 943 4198 ι,
957 4121 1099 4180 rot-tto.
1120 4151 1137 4158 ›-
