2774 4928
603 304 822 379 *lif-s

215 453 418 528 scribente:
437 481 455 521 a
475 451 670 524 scintillare
683 449 1219 548 acuminibusalayuossuteutiis

217 566 385 666 epistolas
417 581 495 638 tuas
523 565 697 660 gaudeo:
731 565 834 637 deoet
857 564 954 637 enim
985 564 1089 661 loqui
1114 566 1217 638 exarl-

219 681 347 755 tautius
359 679 554 776 juvenilem
577 678 747 750 calorem.
771 708 788 742 »
810 678 855 749 lis
872 694 991 751 murm
1007 679 1216 774 symmetri

218 823 297 895 quae
317 812 533 895 sequuntur,
550 796 692 887 Victor,
713 810 752 867 ut
765 796 1039 883 annotavimus,
1056 794 1218 892 quadam

218 935 262 984 ex
284 927 384 1008 parte
401 924 604 982 consonat:
629 940 646 975 a
665 907 736 981 Sed
752 908 837 981 volo
855 923 894 980 ut
915 909 953 980 in
967 908 1046 980 aliis
1062 909 1220 983 materiis

218 1024 349 1096 aculeis
372 1023 542 1096 orationis
564 1024 691 1112 utaris,
712 1021 795 1093 huic
816 1036 937 1093 autem
960 1022 1083 1117 generi
1100 1023 1218 1121 scrip·

219 1136 326 1209 tionis
342 1151 522 1208 maturum
534 1135 669 1231 aliquid
685 1151 717 1206 et
727 1135 905 1207 cornicum
917 1135 1065 1207 misceas
1075 1140 1097 1224 ¹,
1116 1133 1218 1232 quod

219 1248 284 1321 tibi
296 1251 402 1321 etiam
412 1248 521 1321 credo
531 1251 721 1346 praecipere
737 1247 793 1319 vel
808 1247 989 1319 rhetorem
998 1262 1114 1327 tuum.
1125 1251 1219 1319 Nam

138 1404 139 1407 ¹
218 1377 259 1435 ut
279 1363 315 1433 in
343 1363 470 1433 vestitu
482 1360 671 1435 homiuum
690 1376 883 1457 ceteroque
906 1361 985 1433 vitae
1001 1360 1121 1449 cuhuv,
1135 1360 1218 1433 loeu

218 1498 260 1548 ac
278 1475 431 1572 tempori
445 1490 529 1573 apta
543 1488 755 1563 sumuntur;
771 1472 819 1545 ita
829 1474 1054 1569 ingeniorum
1065 1475 1221 1549 satiem

218 1587 255 1659 in
271 1585 500 1668 familiaribus
519 1586 660 1683 scriptis
676 1585 927 1682 negligentiam
945 1586 1220 1683 quamdamade·

218 1699 279 1771 bet
294 1699 437 1786 imitari,
456 1701 496 1782 in
515 1697 713 1769 forensibus
735 1724 820 1771 vero
837 1724 965 1771 uouere
979 1724 1080 1770 arins
1094 1700 1218 1773 facun-

219 1811 298 1883 diae.
321 1840 339 1879 n
359 1815 447 1898 Quoe
457 1810 603 1906 quidem
624 1811 830 1906 Symmachi
854 1812 901 1884 ad
922 1812 1035 1884 filium
1061 1813 1220 1911 epistola

219 1923 328 1996 verba
341 1924 411 1997 hoc
421 1923 538 1995 obiter
549 1924 977 2016 suntanimsdvertendt,
991 1926 1092 2024 quod
1103 1951 1139 1997 rs
1153 1950 1219 1998 sm·

219 2036 289 2107 culi
311 2037 472 2109 rhetores
487 2037 656 2125 innuunt,
676 2037 722 2109 de
746 2039 905 2135 epistolis
926 2053 961 2111 et
983 2039 1219 2112 familiaritate

218 2150 372 2245 quadam
385 2152 423 2221 in
433 2149 624 2228 scribendo
637 2154 825 2241 sermonis,
844 2167 1020 2250 praecepta
1037 2167 1218 2224 certati*

219 2262 304 2335 dere
319 2288 395 2335 esse
418 2264 456 2334 in
480 2263 633 2352 scholis,
657 2265 760 2335 sicuti
785 2269 825 2336 C.
857 2269 888 2335 J.
919 2266 1041 2336 Victor
1065 2265 1221 2336 incon-

218 2374 352 2471 pemlio
377 2400 442 2444 suo
469 2375 568 2465 fecit,
595 2376 729 2447 solitos.
763 2377 833 2447 Sed
852 2377 922 2448 alia
946 2403 988 2448 ex
1019 2393 1121 2475 parto
1143 2392 1219 2449 non

219 2486 358 2556 minore
373 2487 566 2582 legentium
583 2488 908 2583 cura-dignasunt,
928 2489 1127 2587 quodcum
1142 2491 1222 2563 aliis

219 2598 422 2693 Symmachi
438 2598 669 2696 epistolarum
686 2600 830 2672 locisdc
847 2603 1031 2698 epistolari·
1043 2617 1222 2699 genere-et

106 2777 109 2781 ,
218 2736 300 2784 cum
318 2715 357 2782 C.
377 2716 407 2782 J.
428 2712 582 2783 Victoris
602 2711 791 2785 decadem
812 2739 851 2784 re
869 2716 1052 2812 praeceptis
1067 2715 1221 2801 collatas,-

218 2848 260 2894 ea
275 2840 360 2897 sunt
376 2850 454 2920 quae
471 2824 666 2922 plurimum
684 2826 772 2898 lucis
788 2827 837 2898 iis.
855 2850 972 2924 quasa
989 2827 1094 2899 nohis
1104 2827 1222 2925 paulo

218 2951 323 3007 antea
346 2936 441 3008 dicta
465 2953 548 3008 suut
573 2937 733 3011 afferant.
764 2943 815 3010 Ex
840 2942 882 3010 iis
898 2941 994 3011 enim
1018 2940 1223 3013 facilcduci

218 3064 368 3144 possunt
380 3063 415 3119 et
430 3072 509 3144 quae
525 3051 782 3140 communiter,
800 3067 834 3123 et
850 3077 929 3149 qnae
939 3052 1044 3148 longe
1061 3052 1222 3126 aliterde

218 3159 486 3232 conscribendis
511 3161 635 3233 litteris
655 3162 890 3257 Symmachus
917 3179 952 3234 et
976 3168 1017 3234 C.
1043 3169 1076 3234 J.
1097 3166 1221 3257 Victor·

217 3271 395 3366 ejusdem,
416 3288 455 3344 ut
472 3272 633 3364 videtur,
652 3276 761 3349 aetatis
781 3276 948 3348 homines
967 3278 1165 3367 senserim
1183 3291 1222 3350 et

217 3385 404 3482 quibusda
421 3387 536 3459 causis
547 3414 608 3459 seu
624 3414 905 3463 commuuesseu
922 3389 1081 3462 diversos
1097 3391 1145 3463 do
1159 3390 1223 3465 ille

216 3523 276 3590 re,
304 3525 347 3572 ac
371 3503 567 3596 generatim
591 3502 637 3574 ‹le
656 3505 819 3575 universa
840 3504 1033 3600 eloquendi
1058 3506 1221 3596 ratione-,-

217 3636 342 3685 sensus
360 3628 510 3710 uterque
528 3617 751 3712 expresserit.

267 3725 341 3797 Sibi
359 3727 396 3797 in
410 3727 641 3824 epistolarum
660 3729 1002 3801 conscribendarum
1018 3733 1221 3805 rationein

217 3836 325 3908 ambo
342 3854 564 3935 congruunt,
589 3841 679 3911 utin
703 3841 787 3938 ipsis
809 3842 850 3912 iis
872 3868 950 3939 quae
966 3844 1100 3940 pariter
1115 3869 1216 3921 com·

257 4073 286 4130 l.
309 4069 352 4130 Cf.
371 4072 403 4130 C.
417 4074 435 4128 J
438 4117 445 4131 .
460 4070 553 4148 Vict.‚
570 4091 633 4150 cap.
649 4093 719 4129 xxvi
732 4085 761 4131 et
775 4093 867 4137 xxvii.
