2738 4928
571 365 789 436 -·-t37-

176 517 320 589 sonium
334 515 476 586 missam
488 515 662 586 memoria
673 531 805 588 teneat.
819 520 898 588 Non
909 495 1010 614 quod
1026 517 1183 613 denique

177 653 255 700 non
272 653 315 700 ea
331 628 451 698 addita
468 643 560 699 esset
579 628 764 699 rhetorum
779 644 1036 726 oratorumque
1047 630 1126 718 arti,
1139 653 1183 699 ex

177 742 365 813 communi
382 741 573 839 opinione,
592 740 669 811 laus
684 757 718 812 et
736 741 1016 833 commendatio,
1036 756 1074 812 ut
1091 765 1183 839 saepe

178 873 259 925 eam
278 869 483 925 exercerent
497 879 571 924 non
589 853 715 943 m0d0,
730 855 820 924 sicut
833 849 954 924 Romae
967 854 1067 943 olim,
1079 854 1183 949 igno-

177 965 241 1037 bili
259 968 367 1064 stirpe
380 967 547 1038 homines
566 967 655 1057 orti,
675 966 739 1038 sed
756 969 862 1040 etiam
878 968 1104 1073 amplissimis
1121 993 1183 1040 na-

179 1078 309 1151 talibus
326 1079 479 1151 illustres
495 1081 575 1151 viri.
595 1080 702 1166 Quod
721 1106 834 1176 quum
852 1079 919 1151 alia
936 1079 1086 1167 indicia,
1107 1092 1184 1148 tum

180 1193 345 1288 quaedam
356 1194 501 1263 Ausonii
514 1217 664 1290 operum
675 1192 754 1263 loca
771 1191 1005 1282 confirmant,
1018 1193 1081 1288 qui
1093 1192 1184 1260 inter

180 1303 441 1399 Burdigalensis
457 1303 588 1374 scholae
604 1305 823 1401 professores
845 1305 979 1375 Attium
1005 1305 1185 1374 Pateram¹

182 1415 344 1486 nominat
357 1416 655 1510 Bajocassensem,
664 1417 773 1515 stirpe
780 1417 1000 1487 Druidarum
1009 1431 1139 1504 satum,
1151 1429 1186 1485 et

181 1527 382 1611 Citarium·²,
402 1543 437 1598 et
454 1529 603 1599 Acilium
620 1529 855 1600 Glabrionem
872 1544 1058 1600 stemmate
1080 1526 1185 1597 nobi·

181 1641 267 1718 lium
286 1640 483 1711 deductum
501 1667 670 1731 avorum,
699 1643 853 1738 Aquilini
876 1642 1082 1712 Dardanum
1099 1664 1186 1737 pro·

182 1755 339 1852 geniem.
356 1758 491 1825 Contra
512 1771 630 1825 autem
650 1756 826 1827 Ausonius
843 1756 1010 1852 Crispum
1026 1768 1061 1824 et
1080 1753 1186 1824 Urbi·

182 1871 296 1960 cum',
317 1869 569 1964 grammaticos
595 1870 738 1938 Latinos
764 1883 798 1939 et
829 1871 984 1956 Graecos,
1016 1867 1188 1937 meruisse

182 1981 269 2052 dicit
297 1982 411 2070 nasci,
444 1995 484 2050 ut
509 1980 669 2051 cluerent
692 1978 853 2078 patribus
880 1980 1063 2076 ingenuis,
1096 1977 1187 2049 adeo

180 2093 255 2190 jam
265 2095 394 2165 assueti
405 2091 889 2190 erantGalliprolessoribus,
910 2107 971 2162 aut
988 2116 1028 2161 ex
1047 2089 1185 2181 illustri,

182 2221 244 2277 aut
271 2231 312 2276 er
332 2205 486 2277 honesto
511 2207 637 2277 saltem
668 2231 797 2302 genere
823 2206 922 2276 ortis.
954 2208 1078 2300 Neque
1103 2225 1189 2273 sane

183 2319 437 2390 admirandum
464 2336 517 2390 est
545 2325 664 2389 utrum
692 2319 875 2416 conspicui
901 2316 1077 2389 natalibus
1107 2315 1188 2404 viri,

185 2433 259 2502 sive
277 2431 495 2522 rhetoricen,
520 2433 593 2504 sive
612 2433 719 2503 etiam
739 2431 1008 2527 grammaticen,
1027 2428 1136 2524 vulgo
1153 2429 1191 2498 in

184 2543 318 2634 Galliis,
339 2544 485 2615 Ausonii
514 2559 628 2634 aetate,
660 2544 868 2632 docuerint;
891 2568 1004 2639 quum
1026 2541 1101 2636 jam
1125 2541 1192 2611 fre·

184 2656 376 2755 quentibus
390 2659 602 2729 testimoniis
620 2656 657 2728 id
671 2657 896 2727 manifestum
914 2680 990 2725 esse
1004 2653 1191 2749 agnoveri-

184 2787 284 2858 muS,
312 2794 404 2869 saepe
438 2771 583 2841 dicendi
615 2771 801 2865 magistros
835 2767 1039 2865 principum
1072 2762 1192 2834 liberis

184 2882 426 2972 instituendis,
442 2884 645 2972 Frontonis,
665 2881 747 2951 Julii
762 2880 902 2971 Titiani,
914 2877 1048 2948 AEmilii
1058 2873 1189 2970 Magni,

185 2995 339 3085 Arborii,
350 2994 686 3092 ExuperiiTolosani
700 2992 867 3084 rhetoris,
884 2991 1030 3062 Ausonii
1040 2988 1149 3087 ipsius
1158 2998 1194 3056 et

185 3107 333 3181 sortasse
354 3112 395 3179 C.
421 3107 503 3178 Julii
525 3108 639 3178 nostri
662 3106 816 3178 Victoris
833 3129 947 3193 more,
966 3100 1190 3201 praepositos,

186 3219 389 3292 adsumme
406 3219 537 3290 deinde
550 3219 736 3291 honorum
753 3241 904 3289 munera
934 3215 1068 3286 idcirco
1087 3213 1193 3301 fuisse

185 3349 388 3430 provectos.
409 3331 480 3404 Sed
499 3349 628 3404 cuncta
644 3332 704 3402 illa
718 3331 863 3428 praemia
881 3329 1093 3400 exstinctam
1104 3327 1194 3418 jam·

187 3446 328 3518 dudum
350 3446 507 3517 civilium
526 3446 697 3516 virtutum
720 3459 756 3514 et
772 3442 855 3513 ideo
873 3439 1086 3537 eloquentiae
1102 3437 1190 3525 vim,

187 3583 295 3655 quam
326 3574 450 3657 pectus
482 3573 517 3629 et
543 3582 662 3629 mores
691 3572 726 3628 et
754 3570 919 3653 tempora
938 3549 1192 3623 tantummodo

187 3671 332 3761 faciunt,
352 3696 522 3743 revocare
538 3696 612 3770 non
632 3685 810 3768 poterant.
910 3752 912 3756 k

236 3796 314 3863 Jam
333 3793 379 3864 ad
399 3792 509 3863 finem
533 3791 687 3863 vicissim
706 3787 931 3861 describendi
949 3784 1192 3883 pervenimuS,

228 3962 260 4016 l.
282 3961 393 4016 Auson.
409 3954 579 4032 Professor,
594 3959 648 4015 lx.
665 3956 709 4017 Cl.
726 3955 796 4014 ibtd.
814 3957 864 4029 X,
875 3953 980 4012 19-26.
1035 4043 1037 4046 ι

228 4051 259 4108 2.
280 4047 341 4121 m,
356 4047 441 4118 ura,
455 4049 533 4104 xiv.
551 4049 645 4107 xxv.

229 4141 258 4197 a.
281 4137 555 4212 1u.‚1·bu.‚xx11.
