2738 4928
567 309 789 384 *¹120-

175 463 314 562 'primus
339 457 540 556 dequibus
565 456 730 555 quaedam
758 457 935 529 Ausonius
958 454 1124 555 scripsit,
1143 469 1181 529 et

175 575 254 674 qui,
266 588 305 644 nt
320 571 516 671 saepeGalli
535 571 710 671 rhetores,
727 568 997 642 eceleberrimis
1008 567 1184 665 eloquen-

177 689 234 759 tioe
250 687 347 786 apud
364 678 488 758 Gallos
505 676 711 783 gymnasiis,
727 700 839 757 artem
851 706 954 755 snam
974 682 1013 754 in
1029 680 1183 754 clarissi-

167 830 255 878 mas
284 803 424 902 imperii
448 801 555 873 nrbes
578 801 802 873 edocendam
826 798 1100 888 transtulerant,
1132 799 1184 870 sic

179 916 300 989 Romae
317 931 351 988 et
368 914 698 1013 Constantinopolis
714 915 809 987 cives
825 913 1011 986 rhetoricis
1028 932 1184 1012 praecep

177 1031 224 1102 tis
240 1031 470 1118 formaverat,
487 1030 536 1100 ita
547 1026 593 1099 ab
611 1029 768 1100 Ausonio
785 1027 964 1119 landatur,
981 1041 1021 1099 ut
1033 1024 1124 1097 alter
1134 1023 1187 1097 illi

175 1141 421 1229 Quintilianus
440 1166 518 1217 esse
540 1139 713 1214 videatur.
741 1145 823 1212 Haec
842 1141 950 1236 igitur
965 1139 1011 1213 de
1028 1138 1093 1214 illo
1112 1141 1189 1210 An—

181 1254 305 1326 sonius
323 1253 445 1326 dictu:

225 1421 296 1487 Sive
312 1421 519 1512 panegyricos
534 1420 658 1510 placeat
672 1418 867 1486 contendere
881 1419 996 1502 libros,

271 1526 308 1589 ln
326 1524 569 1590 Panathenaicis
584 1540 620 1588 tu
635 1522 851 1590 numerandus
866 1524 939 1590 eris.
1042 1520 1045 1524 ’

196 1651 199 1656 ·
226 1630 290 1694 Seu
304 1628 403 1694 libeat
417 1627 506 1693 fictas
520 1627 670 1693 ludorum
687 1628 832 1695 evolvere
848 1629 935 1708 lites,

272 1734 453 1822 Ancipitem
468 1731 607 1823 palmam
623 1732 836 1814 Quintilianus
850 1734 959 1798 hahet.

228 1836 364 1902 Dicendi
379 1853 504 1902 torrens
520 1836 579 1900 tibi
595 1839 710 1927 copia:
729 1862 800 1926 quae
815 1855 923 1904 tamen
941 1860 1071 1919 aurum,
1162 1851 1171 1862 '⁴

183 2023 185 2027 Ι
274 1941 349 2006 Non
365 1944 465 2009 etiam
476 1944 597 2010 luteam
611 1943 753 2009 volveret
767 1944 931 2010 inluviem.

229 2046 272 2109 Et
286 2045 585 2129 Demosthenicum,
603 2046 691 2136 quod
706 2064 756 2115 ter
770 2049 910 2139 primum
924 2047 978 2114 illc
993 2047 1140 2130 vocavit,t

274 2152 313 2214 In
329 2167 361 2216 te
377 2153 422 2217 sic
438 2153 552 2242 viguit,
571 2153 664 2218 cedat
679 2170 715 2218 ut
729 2155 796 2245 ipse
811 2155 882 2220 tibi.

230 2255 324 2320 Anne
340 2272 373 2320 et
388 2255 487 2322 divini
503 2257 591 2322 bona
606 2256 763 2322 naturalia
780 2258 858 2324 doni

275 2360 449 2446 Adjiciam‘,
467 2364 603 2432 memori
619 2388 715 2452 quarn
733 2365 830 2429 fueris
846 2363 978 2429 animo?

232 2466 352 2530 Audita
367 2484 418 2549 ut,
436 2468 487 2533 vel
502 2469 584 2534 lecta
600 2469 714 2552 semel,
732 2493 791 2534 ceu
808 2467 871 2534 lixa
888 2484 1030 2548 teneres,

276 2571 416 2641 Auribus
433 2590 465 2638 et
480 2574 569 2639 libris
586 2591 667 2645 esset
682 2588 719 2641 ut
734 2599 798 2640 una
813 2575 903 2640 fides.

237 2735 561 2838 Latinnmldeinde
589 2736 772 2847 'Alcimum
801 2704 981 2812 ¹Alethium
1009 2724 1198 2839 rhetorem

192 2852 369 2930 Ausonius
383 2854 597 2959 praedicans,
617 2881 701 2934 eum

281 3016 400 3082 Palmae
416 3017 566 3098 forensis,
591 3032 624 3082 et
640 3035 844 3082 camenarum
862 3010 957 3079 decus

192 3161 387 3232 nominat¹.
408 3161 594 3232 Luciolum
610 3176 728 3231 autern
746 3160 888 3233 rhetora
903 3157 1036 3264 pariter
1053 3179 1096 3228 ac
1110 3173 1207 3252 poe·

195 3287 268 3345 tam
292 3274 398 3346 luisse
415 3273 620 3370 significat⁸.
649 3277 703 3345 De
729 3275 821 3346 Attio
845 3278 967 3345 Patera
988 3284 1089 3369 patre
1112 3262 1200 3337 dicit

174 3384 314 3468 ‚haec⁴:
479 3394 482 3398 ’

173 3560 176 3565 -
201 3518 204 3522 ’
284 3520 421 3604 Memor,
440 3520 586 3605 disertus,
602 3520 710 3587 lucida
725 3519 892 3604 facundia,

214 3642 217 3647 ·
330 3629 458 3692 Canoro
478 3628 564 3694 cultu
583 3627 750 3719 praeditns.

201 3880 204 3884 ,
236 3830 271 3892 1.
288 3829 413 3898 huson),
426 3825 582 3905 Professor.
587 3873 597 3904 ,
614 3832 645 3907 1,
662 3829 770 3888 1331.

237 3919 268 3977 ι.
289 3916 349 3992 ra,
364 3916 449 3992 rara,
467 3922 507 3990 11,
523 3923 556 3979 o.

241 4010 270 4067 3.
293 4007 352 4080 n„
368 4006 600 4085 itiet.,111,t-t.

239 4102 271 4163 t.
292 4097 522 4175 1d.,nra.,rv,
538 4102 649 4161 tr-ta.
670 4137 673 4143 -
