2738 4928
580 308 802 381 -ttt—

189 456 385 563 imminutae
405 454 616 554 eloquentiae
640 455 763 556 culpas
786 458 975 532 insectatus
997 460 1058 552 sit,
1075 485 1188 559 quum

188 567 268 667 quis
303 590 426 638 secum
458 564 682 656 recordatur,
715 591 753 639 tv
785 583 821 640 et
850 593 873 637 v
904 571 1011 642 etiam
1038 570 1187 660 saeculo,

187 704 262 778 quo
290 678 451 777 undique
479 677 621 751 barbari
647 681 846 752 Romanum
876 683 1065 780 imperium
1090 684 1191 756 inva-

188 793 314 866 dorent
338 816 381 864 ac
407 806 547 889 tempus
572 816 647 864 esse
674 792 854 865 videretur
880 795 926 866 de
956 796 1053 867 seriis
1083 794 1191 867 rebus

156 890 159 899 ³
181 906 387 1005 cogitandi,
407 928 533 978 omncs
549 906 716 1004 ineptias,
736 931 862 979 omnes
877 909 1049 1004 argutias,
1062 933 1190 981 ornnes

183 1020 444 1119 captiunculas,
459 1043 586 1092 omnes
600 1017 882 1092 lutilissimorum
900 1022 1063 1120 leporum
1078 1021 1189 1093 subti-

188 1134 316 1226 litates,
334 1158 461 1205 omnes
476 1136 583 1205 etiarn
600 1134 637 1203 in
654 1134 842 1206 sentiendo
858 1134 1137 1234 eloquendoque
1155 1149 1192 1209 et

187 1245 393 1339 scribendo,
407 1260 482 1316 tum
497 1243 818 1334 declamationum,
827 1261 903 1318 tum
916 1247 1189 1339 versiculorum,

188 1373 266 1431 tum
297 1359 460 1431 omnium
489 1358 627 1455 generis
653 1360 902 1431 recitationum
928 1360 1189 1452 immanitates,

187 1496 264 1544 non
281 1473 399 1544 minus
415 1495 523 1569 quam
541 1473 756 1542 Scuecarum
770 1484 805 1542 ct
824 1472 1192 1560 PseudoQuintiliani

188 1583 427 1684 temporibus,
445 1585 551 1656 luisse
567 1584 711 1655 usitatas
723 1600 758 1655 et
772 1584 968 1657 celebratas
984 1601 1020 1657 et
1036 1586 1192 1657 incredi-

163 1725 166 1731 ·
187 1696 253 1768 bili
265 1697 426 1795 quodam
443 1696 563 1768 studio
583 1696 772 1769 affectatas.
786 1696 893 1784 Quod
908 1697 1056 1794 quidem
1076 1699 1113 1768 in
1140 1696 1194 1769 ul·

191 1811 291 1902 tima,
308 1826 343 1883 et
355 1812 542 1884 confestim
559 1834 580 1882 a
596 1810 701 1882 nobis
715 1808 940 1908 explicanda,
971 1811 1191 1908 generalium

190 1939 391 1998 nostrarum
400 1925 673 1996 conclusionum
686 1938 808 2022 parte,
823 1938 1015 2021 antequam
1027 1923 1074 1995 ad
1085 1946 1194 2021 quar·

190 2052 264 2109 tam
289 2052 557 2135 extremamque
579 2037 688 2108 totius
709 2037 822 2107 nostri
846 2039 964 2133 operis
988 2037 1194 2134 portionem

189 2151 452 2249 perveniamus,
462 2152 770 2223 verissimnmcsse
778 2149 948 2248 exemplis
958 2150 1191 2247 reperiemus.

237 2267 318 2350 Qua
334 2264 371 2334 in
389 2264 491 2335 tertia
508 2276 621 2363 parte,
640 2266 680 2334 C.
700 2266 731 2333 J.
752 2265 876 2334 Victor
891 2286 912 2335 a
929 2260 1047 2352 nobis,
1063 2263 1137 2334 sive
1154 2263 1193 2337 in

189 2376 303 2467 vitiis,
323 2377 396 2449 sive
414 2376 451 2446 in
466 2375 657 2447 virtutibus
674 2375 765 2464 suis,
780 2375 920 2447 ostendi
934 2375 1065 2447 debere
1077 2376 1195 2449 dictus

190 2505 262 2581 est,
282 2515 348 2562 cur
364 2505 398 2562 et
414 2489 602 2587 quomodo
615 2488 834 2561 Gallicorum
847 2489 1033 2561 rhetorum
1043 2491 1195 2587 ingeniis

190 2626 422 2675 communem
439 2602 632 2700 quemdam
651 2624 818 2701 saporem
835 2602 996 2674 redolere
1015 2604 1191 2693 videatur,

191 2728 297 2814 atque
323 2717 469 2813 insuper
496 2741 532 2787 ιν
560 2714 677 2787 saeouli
707 2739 784 2786 esse
811 2715 1041 2787 scholasticus
1064 2716 1191 2788 homo.

192 2829 299 2917 Quod
329 2845 367 2900 ut
392 2829 500 2928 plane
523 2844 558 2900 et
583 2827 776 2899 commode
799 2826 879 2909 frat,
899 2828 1063 2924 quaedam
1086 2827 1194 2900 nobis

192 2940 385 3014 dotatione
398 2943 435 3014 in
448 2941 569 3014 Galliis
581 2940 766 3012 rhetoricae
775 2940 858 3010 artis
870 2939 1018 3028 edoctae,
1030 2939 1195 3036 quaedam

193 3053 237 3128 de
256 3056 441 3154 praecipuis
455 3055 552 3153 apud
569 3053 690 3126 Gallos
707 3053 919 3150 eloquentiae
933 3052 1196 3150 professoribus

191 3169 464 3266 praenuntianda
492 3182 592 3257 sunt,
625 3183 666 3239 ut
695 3167 780 3238 inde
812 3167 993 3262 generales
1021 3167 1196 3265 quasdam

192 3295 297 3352 notas
330 3279 539 3375 dignoscere
560 3279 680 3369 liceat,
706 3277 837 3375 quihus
859 3277 896 3348 in
920 3302 1032 3349 tanum
1057 3277 1197 3349 collatis

193 3396 235 3464 C.
260 3397 291 3464 J.
318 3395 469 3466 Victoris
495 3393 677 3489 ingenium
704 3393 954 3487 rationemque
985 3413 1197 3485 comparare
1316 3451 1322 3464 ,

193 3507 384 3604 possimus.
405 3511 485 3578 Non
501 3530 579 3578 rem
593 3503 740 3602 quidem
755 3527 777 3573 a
794 3501 971 3600 principio
989 3501 1093 3572 altius
1107 3501 1197 3573 duc·

179 3633 265 3691 tam
283 3619 579 3719 complectemur,
591 3642 710 3715 neque
724 3615 809 3687 inde
825 3639 846 3688 a
863 3615 1014 3687 Victoris
1029 3629 1132 3686 aetate
1147 3615 1194 3688 ad

193 3733 291 3803 Lucii
316 3731 409 3804 illius
436 3732 541 3804 Plotii
565 3731 718 3803 rhetoris
741 3728 885 3818 Gallici,
911 3728 992 3825 qui,
1021 3728 1197 3800 Suetonio

193 3861 340 3919 auctore
352 3852 375 3938 ¹,
393 3846 537 3946 aequalis
554 3849 602 3917 M.
628 3843 741 3915 Tullio
757 3843 841 3935 luit,
859 3841 1044 3914 historiam
1068 3840 1198 3915 ordine

234 4102 264 4155 l.
290 4100 408 4158 Sueton.
423 4101 467 4155 De
479 4097 564 4154 elaris
577 4095 694 4169 rhetor„
709 4093 749 4151 11.
