2738 4928
591 344 788 418 ...40-

235 502 308 569 Nos
333 521 419 570 vero
447 496 498 568 ad'
524 496 732 596 opinionem
759 504 920 566 nosuam
939 495 1091 584 reversi,
1119 515 1193 592 qna

185 606 821 683 Victoremereteribussolummodo
829 605 1063 705 scriptoribus
1070 631 1193 679 exem-

185 724 245 822 pla
272 723 432 822 prolerre
466 723 640 812 diximus,
666 744 780 820 pauca
808 720 877 792 illis
907 717 1192 819 respondeamus

185 861 328 909 necesse
345 851 411 927 est,
427 838 489 934 qui
506 837 597 908 forte
607 835 712 907 nobis
722 835 903 906 rhetorem
918 849 1084 907 nostrum
1098 834 1192 932 obji-

185 964 322 1038 cerent,
340 974 415 1020 non
432 948 544 1021 modo
561 950 777 1021 recentiores
797 948 1018 1035 Quintiliano
1047 947 1192 1021 dicendi

184 1062 371 1158 magistros
397 1087 474 1134 esse
497 1077 660 1152 auctores
687 1075 867 1152 secutum,
893 1060 957 1133 sed
981 1061 1088 1162 enam
1113 1062 1191 1160 ple·

184 1198 337 1273 rumque
355 1177 480 1248 inanes
496 1177 580 1246 istas
597 1175 899 1246 declamationum
915 1174 1081 1247 materias
1099 1187 1135 1245 et
1153 1173 1190 1246 in

184 1272 316 1362 scholis
332 1292 570 1389 frequentatas
588 1290 698 1362 veluti
717 1289 902 1380 lhrmulas,
921 1289 958 1360 in
971 1290 1088 1388 prima
1102 1312 1190 1386 prae·

184 1405 307 1476 sertim
323 1407 442 1503 operis
456 1419 570 1503 parte,
593 1427 796 1501 usurpasse.
816 1401 988 1473 Aliudest
1004 1400 1186 1499 prolecto,

182 1515 382 1590 secundum
407 1519 576 1589 usitatum
603 1516 756 1612 antiquis
782 1513 949 1585 omuibus
978 1513 1194 1610 eloquentia*

182 1628 460 1727 praeceptoribus
479 1653 620 1700 morem
642 1643 677 1700 et
699 1651 791 1727 saepe
811 1626 919 1697 etiam
942 1649 962 1697 a
987 1623 1189 1697 recentibus

181 1756 363 1839 receptam
371 1740 773 1831 consuetudinem,trita
781 1751 816 1808 et
825 1737 965 1833 vulgata
975 1737 1048 1808 sive
1058 1738 1191 1810 oratio·

182 1875 284 1940 num,
302 1854 375 1924 sive
387 1853 688 1925 declamationum
698 1851 791 1941 loca,
804 1849 1050 1947 exemplorum
1062 1852 1185 1946 gratia,

181 1964 325 2053 referre,
344 1982 379 2037 et
393 1968 506 2038 varias
520 1967 577 2037 vel
588 1989 768 2037 novorum
782 1964 967 2034 rhetorum
982 1965 1185 2062 opiniones,

181 2077 336 2150 simodo
362 2095 464 2150 rectae
481 2080 564 2169 sint,
590 2078 658 2150 sibi
681 2077 978 2169 accommodare3-
996 2076 1094 2148 atiud
1106 2101 1188 2150 anc-

181 2189 394 2260 toritatesua
411 2204 446 2260 et
462 2189 610 2288 proprio
628 2188 787 2286 quodam
800 2187 920 2259 studio
929 2185 1184 2296 comprobare,

180 2301 1188 2400 etinconfusumexemplorumordinemcongererequae·
1232 2375 1234 2380 .

180 2437 336 2510 cumque
353 2430 414 2486 aut
430 2416 569 2513 optimi,
589 2430 650 2487 aut
664 2416 808 2512 pessimi
821 2416 984 2486 omnium
995 2417 1187 2514 scriptores

179 2527 331 2622 posteris
354 2526 526 2599 imitanda
542 2526 763 2624 reliquerint.
783 2531 903 2615 Quum
920 2530 1020 2601 enim
1041 2529 1190 2602 dicendi·

179 2641 425 2736 magister,vel
432 2641 585 2713 aliorum
592 2642 778 2713 rhetorum
787 2643 961 2715 veletiam
969 2643 1186 2717 declamato-

178 2776 273 2846 rum,
288 2755 391 2825 sicnti
404 2756 538 2845 Victor,
549 2771 584 2826 et
595 2754 688 2852 leges
706 2769 742 2826 et
757 2770 896 2827 vetusto
913 2782 983 2828 usu
997 2757 1096 2829 tritas
1110 2782 1186 2831 ma·

179 2867 284 2938 terias
300 2868 485 2965 proponit,
496 2868 532 2941 id
543 2868 660 2940 solum
675 2870 712 2938 in
732 2869 852 2942 animo
864 2869 1186 2962 habet,utnudaet

178 2977 307 3051 humili
330 2979 486 3051 docendi
510 2981 727 3064 rhetoricam
749 2997 861 3055 artem
879 2985 1018 3056 ratione
1033 2999 1183 3057 conten·

179 3105 253 3185 tus,
281 3090 468 3163 rhetorum
488 3093 650 3162 omnium
671 3095 925 3167 communibus
941 3097 1095 3193 vestigiis
1111 3096 1183 3168 cal·

178 3218 295 3275 catam
317 3205 418 3275 viam·
433 3205 666 3300 ingrediatur3
690 3231 806 3303 >quum
831 3209 1184 3307 autemescriptori·

177 3315 246 3388 bus
263 3319 400 3388 cunctis
420 3319 621 3415 promiscue
639 3320 896 3392 sententiarum
913 3322 970 3394 vel
985 3322 1182 3396 levissimos

178 3452 220 3500 ac
239 3431 391 3502 maxime
410 3431 566 3506 caducos
581 3430 748 3505 flosculos
765 3435 951 3512 temeraria
969 3459 1080 3511 manu
1096 3459 1182 3507 oum

178 3541 434 3613 immortalium
448 3567 599 3640 operum
615 3544 833 3646 incorruptis
848 3547 1018 3647 exemplis
1027 3547 1181 3623 consun-

180 3652 250 3744 dit,
271 3668 357 3725 tunc
373 3678 477 3747 sane,
490 3654 591 3727 nullo
607 3657 812 3730 discrimine
824 3661 917 3733 inter
926 3661 1084 3734 diversas
1096 3685 1180 3732 auc·

179 3781 298 3836 torum
319 3765 462 3838 dicendi
482 3770 631 3842 virtutes
648 3770 795 3858 habito,
815 3773 853 3845 id
871 3773 1020 3877 periculi
1041 3774 1115 3847 adit
1133 3799 1179 3846 ne

177 3880 252 3976 ipse
270 3879 372 3976 pravi
385 3880 510 3975 judicii
526 3881 728 3961 damnetur.
748 3889 830 3973 Quo
847 3887 1014 3985 quidem,
1033 3887 1063 3959 si
1081 3885 1180 3959 nulla

178 3992 311 4088 alioqui
327 3992 456 4088 insigni
472 3995 601 4067 virtute
619 3998 879 4092 eminet,vitie
890 4002 1047 4079 cumino.
1056 4001 1179 4074 Victor

177 4105 347 4176 immunis
364 4121 428 4178 est.
444 4111 563 4195 Quare
577 4110 1039 4206 quemadmodum-Fabius·
1055 4130 1177 4199 orato·
