2738 4928
587 338 784 416 ...ιθ-

174 493 477 603 splendidissimis
519 492 666 598 Augusti
703 496 941 564 Treverorum
983 470 1190 569 honoribus

175 610 278 726 apud
294 609 505 682 Gratianum
523 621 559 680 et
578 606 687 678 etiam
704 606 893 678 consulatu
914 601 1110 680 decoratus
1132 632 1188 681 es·

179 718 245 812 se't,
260 720 426 793 ethnicas
447 732 568 790 tamen
590 718 872 848 superstitiones,
890 717 973 790 licet
995 718 1136 791 Paulini
1152 735 1191 793 et

178 833 347 930 magister
361 847 397 904 et
409 832 561 923 amicus,
582 832 611 903 si
628 856 704 905 non
720 831 830 904 animi
820 830 917 904 'fide
934 845 969 904 et
984 831 1191 928 voluntate,

180 960 337 1018 attamen
354 957 527 1043 perpetua
545 943 771 1040 excogitandi
788 959 823 1016 et
839 943 1020 1017 scribendi
1030 948 1186 1041 ratione,

180 1059 345 1130 servavit.
369 1057 465 1145 Quin
492 1058 600 1129 etiam
628 1060 799 1148 Pacatus,
822 1057 881 1130 ille
906 1058 1190 1155 elegantissimus

178 1171 372 1243 Theodosii
381 1171 597 1269 panegyrico
608 1186 778 1243 'sermone
787 1171 969 1263 laudator,
982 1197 1093 1270 quem
1104 1172 1190 1246 Gal-

177 1283 256 1354 lum
265 1283 379 1382 patria
387 1283 493 1355 fuisse
502 1284 692 1356 verisimile
702 1298 768 1376 est,
778 1283 909 1356 eodem
921 1285 1121 1358 inveterato
1135 1312 1192 1359 er-

177 1403 261 1468 rore
275 1394 434 1494 imbutus
446 1395 601 1467 videtur.
619 1396 707 1467 Mihi
721 1397 759 1468 in
776 1410 949 1495 promptu
964 1412 1057 1469 esset
1075 1397 1189 1471 modo

178 1508 397 1604 Symmachi,
419 1507 531 1582 modo
549 1507 747 1601 Claudiani,
762 1507 875 1580 modo
893 1523 1110 1603 ceterorum,
1126 1511 1191 1609 qui

176 1616 286 1691 latine
299 1645 336 1691 ιν
350 1619 480 1692 saeculo
497 1621 713 1719 scripserunt
730 1635 766 1692 et
781 1622 1056 1720 inpaganorum
1067 1647 1191 1696 errore

178 1746 475 1829 perseverarunt,
504 1733 654 1804 nomina
677 1733 876 1830 colligenti,
900 1757 1101 1808 asseverare
1125 1735 1191 1810 diu
1265 1779 1267 1791 ‚

178 1844 312 1915 multos
330 1848 491 1916 Romana
507 1844 628 1941 lingua
649 1871 734 1918 usos
763 1849 955 1948 scriptores
978 1849 1077 1921 hunc
1103 1851 1191 1922 reti·
1214 1840 1216 1845 ’

178 1957 310 2048 nuisse,
322 1958 479 2029 iis'etiam
489 1959 725 2058 temporibus,
737 1960 1027 2057 quihusRomani
1036 1961 1193 2061 impera-

178 2073 1191 2171 tores,praeterlulianum,insignidiligentiaacsoveritate

179 2182 407 2256 ethnicorum
424 2184 611 2256 ruendacia
629 2185 792 2257 insectati
809 2199 905 2259 sunt.
924 2183 996 2259 Sed
1015 2189 1192 2285 qnoniam

145 2291 148 2294 ⁴
179 2294 325 2368 abunde
340 2322 384 2369 ex
399 2298 443 2368 iis
460 2297 643 2388 omnibus,
662 2322 741 2395 quae
763 2324 872 2399 supra
889 2301 1093 2398 composui,
1112 2301 1191 2374 Vic-

175 2421 296 2506 torem
316 2404 429 2512 liquet
439 2413 625 2484 ethnicum
642 2413 747 2488 luisse
763 2415 959 2511 rhetorem,
979 2442 1077 2489 nunc
1088 2417 1195 2489 locus

179 2525 265 2613 inde
280 2517 523 2609 concludendi
538 2540 591 2598 est
612 2552 692 2624 quae
706 2543 784 2602 tum
795 2531 991 2625 Victorem,
1010 2547 1089 2604 tum
1106 2530 1190 2603 Vic-

116 2660 118 2664 ’
179 2656 267 2729 toris
287 2655 419 2729 librum
440 2650 568 2728 melius
591 2670 634 2726 ac
657 2643 799 2754 planius
820 2645 1140 2723 aestimarissinant.
1216 2738 1218 2749 ¹

188 2800 191 2804 ⁴
228 2773 347 2868 Magni
363 2771 460 2843 enhn
478 2771 625 2843 interest
640 2765 684 2841 ad
702 2790 826 2839 veram
842 2763 889 2836 de
908 2758 1060 2836 rhetoris
1076 2757 1192 2836 nostri

146 2971 153 2982 „
181 2882 348 2957 facultate
364 2887 575 2984 opinionem
583 2883 624 2955 id
635 2879 880 2981 comprobari,
891 2894 1013 2952 utrum
1027 2879 1191 2951 ethnicus

180 2997 295 3070 homo
319 3024 433 3070 necne
456 2999 576 3070 suerit.
607 3002 729 3086 Quum
745 3011 867 3068 autem
891 3018 1116 3094 paganorum
1134 3018 1193 3065 su·

183 3098 392 3210 perstitione
402 3110 508 3184 nobis
520 3110 709 3183 manifesto
723 3110 918 3181 innutritus
929 3105 1190 3199 esseuideatur,

183 3248 293 3324 quam
325 3248 439 3321 quum
463 3222 616 3293 maxime
641 3222 717 3318 jam
745 3221 976 3316 intelligimus
999 3243 1064 3290 cur
1079 3218 1122 3288 -in
1149 3241 1194 3290 eo

183 3354 326 3412 tantum
343 3339 401 3430 sit,
413 3351 456 3408 ut
467 3349 630 3407 veterum
641 3333 830 3407 rhetorum
843 3333 992 3430 vestigia
1004 3351 1196 3430 persequa-

184 3442 257 3545 tur,
278 3467 314 3524 et
330 3451 419 3523 nihil
437 3450 545 3540 novi,
564 3448 654 3520 nihil
677 3446 848 3548 praecipui
867 3469 994 3554 eorum
1011 3442 1195 3542 praeceptis

185 3565 341 3662 adjiciat.
367 3568 534 3652 Quanam
557 3561 695 3633 ratione
722 3559 939 3631 rhetoricam
956 3570 1070 3629 artem
1086 3578 1195 3654 paga·

185 3678 255 3754 ἰιιιι
274 3679 450 3751 illustrare
468 3689 628 3776 poterat,
650 3698 765 3771 quum
771 3668 1015 3800 ‘eloquentia
1005 3691 1084 3767 rpsa
1105 3664 1197 3737 nihil

187 3791 321 3866 illustre
335 3789 492 3863 edebat?
521 3787 670 3860 Omnis
660 3784 794 3881 mgenir
785 3783 882 3875 'lux,
899 3805 1007 3853 omne
1020 3778 1198 3877 quodam·

15 3955 17 3958 ·
122 3994 124 3997 ,
188 3908 300 3980 inodo
319 3905 464 3978 moralis
489 3904 571 3975 vitae
592 3916 628 3973 et
652 3899 832 3997 gravitatis
861 3895 1049 3980 indicium,
1077 3890 1196 3964 omnis

190 4051 328 4123 magnae
343 4022 556 4120 eloquentiae
571 4043 735 4116 campus,
752 4015 870 4091 omnis
886 4008 1159 4108 intelligendi
1125 4032 1192 4100 us,

191 4140 309 4211 omnis
320 4159 415 4209 nova
432 4132 598 4232 quaedam
610 4142 730 4202 mente
742 4123 939 4200 divinitus
929 4124 1097 4196 instincta
1107 4142 1195 4220 pro·
