2738 4928
570 272 792 363 -rtr'-

178 461 253 508 uno
273 461 312 507 ex
340 434 449 508 Gallis
478 437 531 523 iis,
562 462 653 532 quos
680 442 808 529 Caesar,
827 439 990 513 libertate
1011 459 1070 516 aut
1098 445 1184 517 civi-

176 564 247 620 tate
263 548 429 639 donatos,
448 547 545 619 Juliae
562 548 667 624 simul
679 550 792 646 gentis
810 553 956 624 nomine
974 554 1181 650 donaverat3

177 662 353 758 originem
370 662 531 752 traxisse,
555 677 661 759 atque
686 662 946 737 rhetoricarum
968 668 1184 740 exercitatio-

177 799 279 864 num,
300 774 402 845 sicuti
419 789 472 846 tot
489 773 582 845 Galli
599 775 766 864 fuerunt,
788 777 1083 868 amantissimum,
1104 805 1184 852 om-

176 882 419 962 nemaetatem
443 889 479 958 in
504 886 798 959 scholasticorum
825 889 1015 961 hominum
1039 884 1183 966 umbra-

178 1001 229 1073 tili
253 1003 323 1072 vita
349 1001 624 1099 consumpsisse.
645 1005 727 1072 Haec
745 1002 888 1099 quidem
904 1005 1084 1102 praecipua
1101 1032 1184 1083 cum

177 1112 288 1182 Gallis
307 1136 344 1181 lv
369 1113 433 1182 aevi
457 1112 661 1184 rhetoribus
688 1119 727 1184 C.
757 1113 869 1192 Julius
887 1117 1012 1187 Victor
1034 1116 1184 1215 praebet,

177 1225 224 1295 Iis
249 1240 369 1296 autem
393 1239 435 1296 et¹
456 1226 593 1320 generis
622 1241 656 1297 et
682 1228 760 1297 vitae
791 1244 826 1298 et
850 1229 1052 1301 studiorum
1081 1233 1186 1302 ratio·

177 1336 298 1426 nibus,
319 1362 339 1408 a
356 1336 498 1408 Gallicis
512 1337 632 1444 multis
647 1339 790 1410 dicendi
801 1341 1061 1439 professoribus
1071 1369 1185 1440 aequa·

176 1446 270 1521 libus
285 1449 417 1540 dillert,
428 1466 489 1522 aut
501 1451 626 1521 saltem
641 1450 784 1522 differre
797 1451 901 1522 nobis
918 1454 1071 1547 videtur,
1085 1455 1185 1553 quod

178 1587 198 1634 e
216 1561 331 1633 nobili
353 1563 462 1662 stirpe
489 1578 609 1634 ortum
635 1589 711 1635 esse
727 1566 909 1637 Victorem
935 1593 1009 1638 non
1029 1584 1181 1661 constat,

177 1673 418 1774 plurimorum
435 1677 560 1763 instar,
583 1701 674 1773 qnos
692 1679 868 1748 Ausonius
886 1678 1029 1750 dicendi
1046 1698 1081 1752 et
1098 1684 1184 1752 scri·

178 1786 288 1858 bendi
307 1789 495 1884 magistros
511 1789 677 1878 tradidit3
706 1804 741 1860 et
761 1789 845 1883 quia
870 1805 992 1861 noster
1016 1818 1090 1861 non
1111 1818 1185 1864 am.

177 1899 343 2006 plissimis
358 1899 559 1972 honoribus
582 1915 617 1972 et
636 1901 867 1998 dignitatibus
881 1919 915 1971 et
930 1903 1059 2000 opibus
1079 1904 1186 1976 deco·

177 2027 275 2083 ratus
299 2038 376 2084 esse
406 2012 549 2103 dicitur,
580 2013 677 2084 velut
706 2015 882 2085 Ausonius
912 2015 1031 2086 etalii
1061 2017 1185 2110 Gallici

177 2125 353 2196 rhetores.
391 2124 500 2214 Quod
535 2128 565 2196 si
600 2151 622 2198 a
655 2126 807 2198 rhetoris
838 2129 952 2198 nostri
981 2130 1117 2226 origiue
1150 2148 1185 2203 ct

178 2239 361 2311 verisimili
395 2240 467 2311 vita
492 2240 538 2311 ad
564 2265 682 2312 mores
711 2225 757 2311 et
779 2241 895 2312 studia
933 2244 1181 2339 transibimus,

176 2352 277 2425 hunc
292 2344 403 2424 libere
420 2353 581 2424 dicemus
598 2353 813 2425 severiorem
832 2356 1062 2451 antiquorum
1088 2357 1186 2456 apud

177 2463 360 2541 Romanos
379 2483 563 2540 oratorum
580 2467 746 2540 adhibitae
759 2467 796 2537 in
809 2467 969 2538 moribus
989 2469 1186 2566 studiisque

177 2581 326 2652 rationis
349 2580 529 2652 vindicem
557 2579 663 2650 nobis
690 2576 826 2673 videri,
863 2606 970 2677 quam
993 2583 1185 2680 plerosque

178 2690 341 2788 ejusdem
357 2693 421 2764 aevi
439 2692 653 2789 eloquentiae
668 2706 917 2791 praeceptores.
931 2698 1028 2764 Dum
1038 2694 1076 2762 hi
1088 2695 1185 2766 enim

178 2828 307 2895 novos,
327 2818 388 2875 aut
405 2806 524 2904 potius
540 2803 756 2900 jamdudum
770 2805 806 2875 in
825 2806 901 2903 ipsa
915 2807 1072 2878 novitate
1096 2832 1186 2878 mar·

179 2931 361 2988 cescentes
377 2916 511 3014 eloquii
528 2915 647 3009 flores,
665 2919 739 2988 sive
756 2918 793 2987 in
810 2919 907 3013 gravi
924 2920 1099 3010 oratione,
1112 2922 1185 2990 sive

179 3031 286 3100 etiam
305 3029 342 3100 in
364 3029 665 3101 sermocinatione
692 3046 728 3101 et
752 3031 910 3129 epistolis
940 3047 1073 3104 temere
1098 3058 1185 3105 con·

179 3157 377 3231 sectantur3
393 3142 481 3212 dum
501 3141 602 3213 Plinii
619 3167 770 3241 operum
788 3143 825 3213 in
843 3143 943 3241 pejus
960 3143 1186 3226 detortorum

180 3249 394 3348 omnimodo
406 3254 547 3352 lepores
561 3256 691 3326 imitari
706 3238 862 3350 student,
874 3281 916 3327 ac
926 3256 1093 3329 Tullianae
1110 3257 1184 3329 elo·

181 3355 333 3466 quentiae
345 3369 524 3441 llumenin
537 3369 762 3441 tenuissimos
774 3370 1028 3469 opusculorum
1038 3396 1187 3444 suorum

180 3482 316 3554 rivulos
329 3482 534 3554 deducendi
553 3481 754 3552 facultatem
772 3480 979 3580 desperant,
997 3483 1026 3552 is
1044 3482 1186 3556 assidua

179 3608 341 3666 veterum
360 3608 543 3666 oratorum
562 3592 838 3689 rhetorumque,
857 3618 899 3665 ac
912 3595 1106 3692 praesertim
1125 3596 1186 3666 Ci-

181 3708 322 3779 ceronis
344 3706 542 3797 librorum,
566 3706 719 3778 lectione
744 3706 919 3798 imbutus,
940 3707 1028 3777 nihil
1047 3709 1138 3799 fere,
1157 3710 1187 3780 si

181 3846 223 3893 ea
237 3821 403 3919 excipias,
418 3845 497 3919 quac
511 3820 766 3893 ‘decausarum
783 3818 930 3891 statibus
943 3835 978 3891 et
994 3824 1184 3916 argumen-

181 3947 313 4005 torum.
328 3933 416 4005 locis
425 3939 682 4031 Hermagoram
696 3946 838 4004 secutus
850 3934 1031 4033 praecepit,
1047 3935 1115 4006 nisi
1128 3935 1186 4004 Ci-

181 4050 417 4148 ceronianum
435 4062 471 4120 et
489 4046 772 4136 Quintiliaueum
788 4046 891 4145 sapit.
917 4030 1040 4150 ltaque
1062 4047 1186 4129 inanes
