2738 4928
564 339 786 410 -t52-

163 493 340 590 quaedam
359 493 404 565 de
421 492 578 592 epistolis
595 505 761 590 excerpta
777 489 979 578 attulimus,
1000 509 1080 583 quae
1096 507 1175 553 oum

177 607 329 677 Victoris
355 606 536 703 epistolica
558 605 779 676 institutione
807 623 1117 700 compararemus3
1145 611 1176 668 et

178 743 241 790 eos
263 743 389 790 omnes
412 718 481 790 boc
508 718 633 790 melius
656 717 804 788 sensisse
825 740 934 812 quam
956 710 1177 785 Demetrium

175 831 425 926 judicavimus,
451 832 551 928 quod
572 831 632 901 hio
654 855 727 900 non
751 829 836 900 alias
856 844 966 924 quarn
994 824 1177 896 familiares

179 945 347 1040 epistolas
365 945 594 1042 epistolarum
613 943 761 1014 nomine
778 941 917 1038 dignari
938 940 1113 1026 videatur,
1133 935 1179 1006 illi

180 1071 299 1127 autem
314 1058 446 1129 litteras
459 1084 585 1129 omnes
602 1055 731 1154 plusve
744 1081 811 1154 pro
829 1055 935 1126 rebus
950 1054 1115 1123 minusve
1133 1051 1179 1120 di·

179 1165 267 1238 latas
286 1170 474 1264 accipiant,
501 1167 612 1237 modo
637 1167 742 1236 abiis
767 1167 957 1262 epistolare
979 1188 1092 1260 genus
1111 1187 1179 1232 non

180 1279 402 1351 excludatur.
423 1270 603 1351 Victorem
622 1295 741 1350 tamen
759 1280 870 1374 magis
894 1280 929 1348 in
953 1276 1179 1348 familiaribus

130 1462 133 1467 ,
181 1417 289 1488 quarn
307 1393 343 1462 in
362 1394 554 1490 negotiosis
577 1393 700 1463 litteris
724 1393 890 1462 institisse
913 1390 1081 1461 diximus.
1108 1394 1180 1460 Pos-

181 1519 239 1576 tea
265 1522 405 1596 autem,
426 1507 665 1578 eruditionem
690 1522 725 1577 et
752 1507 992 1602 sagacitatem,
1013 1519 1049 1574 et
1062 1502 1180 1598 judicii

182 1644 348 1707 acumen,
370 1637 405 1690 et
427 1620 546 1691 nescio
570 1620 657 1716 quid
680 1620 862 1691 christiani
888 1619 1037 1690 affectus
1059 1616 1178 1704 simile,
1231 1624 1237 1641 ‘

185 1748 221 1802 et
244 1732 422 1802 assiduam
447 1756 488 1803 ac
508 1758 623 1829 prope
646 1733 790 1803 unicam
816 1731 998 1803 Ciceronis
1021 1729 1180 1826 epistola·

185 1867 267 1911 rum
278 1843 599 1939 frequentationem
615 1847 651 1915 in
669 1845 730 1933 iis,
742 1844 987 1942 quaevicissim
1003 1867 1045 1913 ex
1064 1841 1181 1912 ultimo

187 1957 461 2054 Victoriscapite
470 1959 603 2028 anobis
616 1975 782 2056 excerpta
794 1972 891 2045 sunt,
902 1955 1180 2051 dijudicavimus.

188 2071 307 2154 Quare
326 2085 403 2140 turn
426 2070 505 2160 hic,
532 2087 610 2141 tum
636 2071 734 2159 alias,
762 2072 911 2141 unicum
932 2094 1060 2167 prope,
1080 2084 1120 2138 ut
1140 2068 1185 2138 di·
1223 2054 1227 2065 ⁵

188 2181 315 2272 cendi,
343 2183 391 2255 ita
414 2184 593 2256 scribendi
620 2186 816 2282 specimen,
843 2183 900 2255 vel
927 2184 990 2253 uni
1015 2181 1185 2279 discipulo

189 2294 246 2365 vel
262 2295 381 2365 multis
391 2296 584 2394 discipulis,
597 2301 807 2369 Ciceronem
818 2296 1183 2397 proposueritViotor,

190 2406 313 2503 paucis
330 2407 485 2504 denique
504 2411 553 2480 ita
577 2410 857 2508 disquisivimus,
876 2422 917 2479 ut
938 2407 1041 2478 illurn
1058 2407 1187 2477 dicere-

192 2543 294 2606 mus,
322 2519 360 2588 in
388 2519 487 2591 nulla
520 2523 750 2620 epistolarum
779 2537 862 2621 post
884 2521 1039 2591 Tullium
1068 2519 1190 2589 collec-

193 2630 309 2721 tione,
341 2631 413 2701 sive
439 2633 530 2723 suis,
557 2636 631 2706 sive
659 2651 763 2707 antea
789 2633 1031 2732 temporibus,
1062 2630 1191 2728 aliquid

193 2743 294 2840 quod
324 2748 453 2819 miram
480 2747 577 2818 illam
604 2748 754 2819 Tulliani
777 2749 953 2819 sermonis
980 2762 1015 2818 et
1041 2743 1193 2816 flexibili·

174 2873 303 2930 tatem
326 2876 361 2932 et
383 2864 590 2933 varietatem
614 2877 649 2933 et
673 2863 871 2933 naturalem
897 2861 970 2932 vim
996 2875 1032 2930 et
1055 2859 1193 2956 copiam

192 2974 443 3068 aequipararet,
466 2975 620 3072 reperire
646 2977 815 3072 potuisse.

244 3089 437 3180 Postquam
463 3087 511 3155 ita
542 3084 759 3156 absolvimus
776 3111 1030 3182 quaecumque,
1055 3085 1101 3156 de
1122 3098 1195 3154 toto

194 3197 349 3267 Victoris
370 3221 480 3294 opere
497 3221 539 3268 ac
562 3198 757 3294 praesertim
782 3198 827 3268 de
846 3197 1148 3269 sermocinatione
1166 3208 1198 3264 et

194 3311 245 3381 de
261 3310 433 3406 epistolis,
449 3310 766 3381 animadvertenda
776 3334 851 3380 esse
862 3309 967 3380 nobis
980 3308 1140 3379 arbitrati
1149 3330 1199 3378 es·

199 3449 330 3514 semus,
349 3439 435 3514 tres,
455 3439 649 3520 antequam
670 3425 712 3493 iis
729 3423 890 3494 ultimam
915 3447 1063 3492 manum
1084 3421 1198 3518 impo-

199 3562 380 3625 neremus,
410 3537 628 3632 generalium
654 3536 737 3608 inde
767 3536 1041 3607 conclusionum
1070 3535 1201 3605 formas

199 3652 331 3722 ducere
347 3648 539 3720 voluimus.
556 3652 716 3734 Quarum
732 3649 865 3747 prima,
881 3648 938 3719 vel
949 3648 1055 3718 unice
1068 3646 1123 3718 vel
1137 3647 1202 3716 irn-

199 3764 323 3862 primis
340 3762 632 3853 ⁴Ciceronianurn,
654 3777 693 3832 ut
710 3761 875 3850 diximus,
899 3761 1098 3847 Victorem,
1122 3782 1203 3829 oum

201 3875 454 3946 Frontonianis
490 3890 526 3946 et
566 3874 734 3946 Plinianis
773 3900 810 3946 tv
853 3873 970 3946 saeculi
1010 3873 1204 3943 Galliarum

201 3991 418 4081 rhetoribuS,
440 4018 522 4063 cum
547 3997 591 4079 Q.
614 3993 753 4064 Aurelio
775 3991 1009 4089 Symmacho,
1038 3990 1140 4085 cujus
1164 4011 1205 4058 ex

203 4104 363 4206 epistolis
384 4119 499 4204 pauca
522 4122 645 4178 sunta
671 4106 777 4177 nobis
800 4106 948 4192 selecta,
973 4103 1201 4175 contulimus.
