2738 4928
541 376 590 412 -,
615 339 724 421 9τ-,

125 520 256 612 quens,
287 514 440 609 Gorgiae,
480 514 672 603 Aristoteli,
692 518 934 611 Hermagorae,
954 515 1068 585 Tullio
1090 531 1130 588 et'

124 628 345 713 Quintiliano
365 627 500 698 Titiani
519 651 651 697 nomen
680 624 873 721 subjungit,
894 628 995 722 cujus
1015 657 1033 696 u
1051 629 1127 701 the-

124 754 219 811 mata
236 739 416 811 rhetorica
435 754 471 811 et
487 740 745 811 controversias
765 740 907 811 Servius
922 732 1045 838 laudat
1060 745 1082 811 ¹.
1106 772 1124 810 »

123 851 211 923 lnde
225 852 265 923 fit
282 869 321 924 ut
335 854 428 925 Maio
446 853 607 924 videatur
623 851 792 940 Titianus,
808 877 846 922 m
865 852 981 923 saeculi
999 853 1124 945 homo,

123 964 197 1035 sive
220 966 250 1036 is
273 981 374 1062 pater
395 981 460 1055 est,
484 966 558 1037 sive
583 966 677 1037 filius
697 966 773 1062 (sed
792 966 892 1062 prior
908 966 1045 1063 potius,
1065 969 1128 1064 qui

123 1075 218 1150 fama
233 1079 362 1149 clarior
372 1080 408 1149 in
422 1078 599 1149 rhetorica
615 1094 690 1149 arte
702 1070 894 1173 excelluit),
912 1067 1006 1149 secta
1021 1084 1129 1148 Fron-

69 1212 81 1263 ξ
122 1190 325 1280 tonianus’‚
349 1191 379 1260 is
399 1190 504 1262 luisse
524 1190 666 1261 dicendi
693 1190 870 1283 magister,
896 1213 941 1259 ex
964 1214 1038 1285 quo
1060 1188 1129 1261 sibi

123 1318 301 1399 praccepta
327 1303 491 1398 quaedam
520 1280 581 1374 C.'
597 1302 709 1373 Julius
736 1302 859 1372 Victor
889 1300 1123 1399 deprompsit.

124 1415 232 1499 Quod
250 1416 280 1484 si
293 1415 399 1485 nobis
416 1414 548 1486 novam
565 1417 741 1486 rationem
755 1414 881 1484 afferre
900 1414 981 1484 licet
998 1439 1062 1484 cur
1073 1414 1131 1484 Ti·

124 1525 242 1595 tianus
265 1528 323 1597 ille
340 1528 473 1616 senior,
493 1529 638 1598 Latinus
656 1527 788 1598 scilicet
808 1526 944 1617 rhetor,
968 1530 1130 1625 exempla

123 1661 201 1732 quae
218 1638 265 1709 ad
284 1639 543 1736 compendium
563 1665 669 1709 suum
687 1639 978 1710 accommodaret
997 1640 1131 1712 Victori

121 1748 316 1845 praebuisse
344 1753 486 1849 potius,
507 1777 618 1848 quam
632 1752 798 1822 Tatianus
825 1751 883 1821 ille
910 1755 1053 1823 Graecus
1070 1776 1129 1826 so·

121 1859 259 1956 phista,
279 1863 455 1939 dicendus,
470 1866 526 1952 sit,
545 1864 591 1935 ad
609 1864 646 1933 id
667 1865 881 1958 conjecturae
893 1861 1054 1934 libenter
1072 1888 1129 1936 me

121 1973 256 2071 impelli
268 1976 486 2072 praedicabo,
498 1977 599 2071 quod
615 1977 734 2045 Victor
747 1977 890 2045 Latinos
903 1977 1130 2073 potissimum

125 2087 210 2154 artis
227 2087 414 2157 rhetoricae
434 2087 625 2182 scriptores
638 2085 706 2156 sibi
724 2088 882 2156 assumit.
904 2091 1026 2181 ltaque
1042 2092 1130 2157 Her·

124 2201 308 2291 magoram
326 2199 446 2294 ipsum
464 2198 525 2294 qui
538 2200 661 2268 Graeco
676 2221 842 2267 sermone
856 2212 1031 2295 praecepta
1043 2221 1132 2267 con-

123 2304 263 2400 scripsit
273 2307 446 2393 oratoria,
468 2319 590 2376 noster
602 2306 749 2376 fortasse
767 2306 897 2400 attigit,
914 2304 977 2376 sed
999 2310 1131 2377 Roma·

123 2439 190 2486 nos
213 2431 275 2486 aut
293 2418 471 2523 praecipue
485 2431 546 2488 aut
562 2417 665 2487 unice
690 2417 852 2488 rhetores
869 2417 1037 2516 perlegit3
1067 2421 1130 2517 qui

124 2551 216 2625 saepe
237 2528 282 2599 ab
301 2530 469 2627 exemplo·
494 2530 675 2601 Ciceronis
700 2529 812 2626 ipsius
839 2521 1127 2627 proficiscentes,

124 2645 368 2739 Hermagoreae
385 2642 753 2715 doctrinaerationem
775 2655 810 2711 et
834 2641 979 2712 inventa
993 2643 1031 2711 in
1047 2637 1130 2713 verss

123 2754 288 2825 nacu'lam
316 2754 476 2850 linguam
508 2767 770 2824 converterant.
806 2751 1003 2846 Diligenter
1033 2753 1130 2825 enim

123 2863 275 2937 Victoris
308 2890 400 2961 opus
431 2865 585 2936 intuenti
624 2863 735 2934 facilis
763 2863 918 2960 suspicio
954 2864 1130 2934 enascitur

125 2978 267 3053 Graeoos'
278 2991 441 3047 auctores
458 3001 550 3073 quos
563 2975 694 3073 passim
709 2974 890 3063 nominat,
905 2973 977 3045 fere
989 2999 1130 3072 semper

124 3090 324 3180 Victorem,
345 3114 420 3160 non
442 3115 485 3160 ex
506 3088 650 3160 illorum
678 3087 847 3173 fontibus,
875 3087 912 3158 id
940 3102 993 3158 est
1019 3113 1133 3182 graece

124 3201 261 3297 scriptis
286 3200 474 3300 operibus,
499 3225 541 3273 ea
566 3225 645 3298 quae
669 3198 783 3287 dicat,
803 3198 978 3291 educere,
1004 3200 1067 3271 sed
1087 3201 1129 3272 iis

124 3310 336 3409 plerumque
358 3313 409 3383 uti
425 3315 500 3410 per¹
517 3314 660 3386 Latinos
671 3325 839 3383 auctores
862 3337 881 3384 e
903 3316 1027 3384 Graeco
1054 3337 1128 3383 ser·
1216 3402 1217 3405 Ἴ

125 3448 236 3494 mone
247 3426 284 3494 in
298 3428 500 3497 Romanum
512 3425 701 3497 translatis.
980 3409 983 3414 ⁴

174 3540 341 3609 Ceterum
352 3541 452 3636 parvi
466 3540 609 3610 interest
622 3538 810 3634 quomodo
828 3538 1001 3608 rationem
1016 3536 1129 3606 inter-

124 3651 292 3748 preteris,
312 3675 384 3748 qua
408 3651 528 3724 rhetor
545 3665 667 3723 noster
683 3651 728 3723 ad
750 3651 955 3722 inchoatam
974 3648 1041 3720 sibi
1058 3674 1130 3722 ma·

125 3763 249 3835 teriam
275 3763 405 3863 Aquilii
435 3779 498 3838 aut
523 3764 672 3862 Aquilae,
701 3765 961 3852 Marcomanni,
990 3764 1128 3836 Tatiani

164 3987 488 4080 trahamur.
536 3988 538 3993 ’
639 4037 641 4041 ¹
699 4030 702 4035 >

162 4093 195 4150 Ξ.
218 4089 276 4170 adi
293 4090 421 4166 Mum,
443 4089 527 4149 rraef.
545 4092 630 4150 Rom.
646 4092 759 4165 Front„
774 4111 805 4170 p.
822 4097 871 4153 25.
