2738 4928
77 492 299 564 Herennium
314 493 469 582 auctori,
489 492 599 588 quam
617 515 684 562 nec
705 490 858 581 Cicero',
881 514 949 562 nec
970 490 1083 578 Quiu-

76 606 238 677 tilianus⁸
259 605 441 701 neglexit,
455 607 607 678 omnino
624 606 748 677 Victor
767 631 810 677 ex
831 605 989 677 oratoria
1009 617 1083 676 arte

76 719 183 814 ejicit.
197 720 324 815 ¹Cujus
342 744 453 816 quum
471 718 578 815 longe
599 718 746 790 diversae
768 742 790 790 a
807 717 1016 789 Latinorum
1030 715 1083 787 di·

76 832 183 903 cendi
200 834 451 929 magistrorum
467 832 652 931 praeceptis
668 832 852 904 sententiae
875 829 998 902 causas
1015 829 1085 901 dis·

76 945 279 1042 quirerem,
315 970 364 1018 eae
388 945 613 1043 potissimum
639 943 728 1015 mihi
755 943 870 1040 dignae
892 944 975 1014 visae
1002 955 1086 1014 suut

76 1083 157 1155 quae
177 1056 372 1154 legentium
379 1056 530 1153 judicic,
548 1055 867 1155 quantulicumque
881 1056 951 1127 sint
964 1055 1082 1154 pretii,

78 1170 350 1268 subjicerentur.
871 1168 874 1176 ¹

79 1331 84 1348 ι
125 1288 215 1356 Ante
235 1286 362 1357 omnia
382 1283 424 1355 id·
437 1282 652 1355 intuendum
671 1297 742 1375 est,
763 1307 894 1381 nempe
911 1307 985 1379 quo
1004 1280 1084 1354 lon·

76 1398 155 1495 gius
167 1422 189 1469 a
200 1395 474 1468 Rhetoricorum
486 1394 534 1467 ad
543 1395 764 1502 Herennium
777 1410 935 1486 auctore,
952 1394 1085 1466 aCice-

76 1535 167 1582 rone
190 1508 420 1599 discedimus,
434 1530 484 1579 'eo
503 1509 643 1579 minore
656 1510 697 1578 in
710 1508 825 1605 pretio
843 1522 878 1579 et
896 1507 1035 1578 minore
1047 1507 1085 1579 in

76 1648 143 1695 usu
162 1621 321 1694 habitam
345 1621 527 1693 memoriae
546 1635 661 1692 artem
682 1620 809 1693 videri.
832 1625 957 1717 ltaque
975 1621 1088 1707 Quin·

75 1736 220 1808 tiliunus
237 1749 443 1834 postquam,
461 1733 661 1805 secundum
675 1746 838 1806 veterum
857 1732 1086 1804 consuetudi·

75 1872 161 1920 nem
177 1863 214 1920 et
229 1848 410 1920 Ciceronis
426 1846 549 1936 verba,
561 1870 653 1945 opus
667 1872 743 1919 esse
755 1846 843 1918 locis
856 1847 1083 1938 memoravit,

76 1962 208 2059 quibus
224 1986 292 2059 pro
310 1985 406 2050 cera,
425 1961 622 2047 simulacris
636 1959 767 2054 quibus
784 1984 850 2058 pro
868 1959 993 2030 litteris
1006 1974 1085 2031 uta·

61 2058 1084 2168 *abacoreminiscendirationemideoreprehendat,

78 2184 178 2282 quod
206 2214 224 2250 «
243 2183 409 2283 impediri
434 2207 578 2273 eorum,
597 2206 678 2279 quae
696 2181 782 2252 dicit
799 2197 936 2269 orator,
960 2181 1088 2255 decur-

75 2322 157 2368 sum
179 2321 323 2369 necesse
344 2311 397 2367 cst
419 2295 554 2394 duplici
579 2295 762 2368 memoriae
785 2319 934 2368 curam·
950 2299 1082 2391 Quare,

76 2409 207 2506 inquit,
222 2393 258 2480 et
271 2408 491 2481 Charmadas
504 2425 539 2480 et
556 2410 720 2508 Scepsius
732 2408 970 2501 Metrodorus,
993 2433 1086 2506 quos

77 2524 202 2595 Cicero
229 2523 318 2594 dixit
342 2522 811 2612 usoshaccxercitationc,
835 2520 903 2593 sibi
928 2519 1087 2594 habeant

77 2661 141 2708 sun
157 2661 256 2707 :nos
273 2635 489 2734 simpliciora
503 2636 699 2707 tradamus.
722 2665 740 2703 a
800 2638 804 2644 ’

84 2811 88 2817 .
127 2753 215 2836 Quae
231 2773 345 2846 quum
358 2748 478 2819 nimiis
494 2747 704 2845 ambagibus
721 2747 903 2845 implicata
920 2748 956 2819 et
972 2748 1087 2822 nimio
1150 2829 1157 2841 ,

76 2860 201 2934 labore
227 2861 365 2932 inutilia
382 2875 579 2960 postponat
602 2861 881 2959 simplicioribus
904 2861 1086 2934 mernoriae

77 2972 244 3062 subsidiis
267 2972 526 3066 Quintilianus,
550 2999 615 3045 cur
635 2975 758 3046 Victor
779 2973 905 3045 eadem
933 2974 1085 3047 omnino

78 3085 239 3184 respuit?
256 3091 493 3182 Praeterquam
508 3086 608 3185 quod
625 3087 807 3164 memoriae
823 3086 986 3179 assiduus
1001 3112 1085 3160 usus

78 3221 153 3271 non
169 3196 295 3270 eadem
312 3199 458 3271 forsitan
477 3200 685 3271 necessitate
703 3199 994 3297 frequentabatur
1002 3201 1085 3272 Vic-

20 3371 22 3374 .
78 3312 166 3385 toris
186 3328 257 3410 qua
279 3310 382 3383 Tullii
410 3312 645 3411 temporibus,
674 3311 735 3383 ubi
753 3337 944 3383 causarum
960 3326 996 3383 et
1018 3336 1087 3383 nu·

78 3449 198 3497 merus
211 3439 247 3494 et
257 3424 451 3520 dignitaset
461 3425 681 3522 quotidianae
691 3423 887 3494 subeundae
898 3448 965 3521 pro
974 3423 1081 3514 lama,

78 3562 147 3635 pro
161 3535 286 3633 gloria,
305 3563 373 3634 pro
390 3538 474 3629 vita,
496 3561 563 3634 pro
588 3535 718 3634 opibus
735 3534 900 3634 procellae
917 3535 1085 3607 exercita·

78 3651 215 3724 tissima
231 3651 383 3724 oratoris
397 3648 572 3743 memoria
584 3647 804 3746 indigeban13
819 3648 925 3720 aliam
938 3649 1085 3748 insuper

121 3857 152 3913 l.
174 3855 322 3914 Rhetorica
335 3856 377 3911 ad
391 3856 420 3915 C.
439 3858 578 3928 Hereum,
592 3857 652 3928 111,
667 3855 772 3915 lbffl.

121 3947 152 4008 2.
174 3941 231 4006 cic.
250 3948 287 4002 de
304 3949 433 4018 Oratore,
449 3948 497 4016 11,
510 3949 615 4007 att-88.

122 4038 150 4097 3.
177 4035 311 4107 Quintil,
331 4037 394 4107 XI,
415 4035 450 4109 2,
472 4038 520 4105 lt,
539 4053 601 4112 sqq.

121 4127 151 4186 4.
177 4122 312 4201 Quintil,
325 4127 385 4203 lssr
402 4125 436 4196 ᾖ,
452 4125 558 4186 ἳὸ-ἳθ.
