2738 4928
674 331 896 406 -sts-

284 485 349 574 tis,
368 483 617 565 moderatione
635 494 829 571 remotam;
849 494 885 551 et
903 503 943 550 ea
964 502 1044 575 quae
1058 476 1107 560 ad
1123 501 1292 577 pronum,

284 597 469 671 tiationem
503 611 539 668 et
570 595 861 667 exercitationem
894 592 1063 685 attinent,
1099 589 1216 661 multo
1247 591 1292 673 iis

284 711 486 784 necessario
511 709 693 799 inferiora,
723 732 803 807 quae
825 705 871 777 de
888 720 1038 802 utraque
1055 729 1093 775 re
1109 705 1237 776 Cicero
1255 718 1292 787 et,

284 821 413 894 Fabius
422 833 680 921 preceperunt,
691 817 845 891 vicissim
855 818 938 888 inC.
950 815 1032 887 Julii
1043 815 1200 886 Victoris
1212 813 1290 886 rhe-

284 933 414 1006 torices
428 934 635 1006 'summario
656 931 939 1032 perstrinximus.
971 933 1157 1000 Postremo
1174 951 1294 1024 pauca

284 1046 344 1119 illa
358 1048 556 1144 attigimus,
571 1071 651 1142 quae
667 1046 768 1117 aliter
782 1045 906 1116 Victor
915 1066 1027 1139 quam
1037 1041 1162 1112 Cicero
1179 1038 1293 1138 etiFar

283 1154 364 1228 bius
390 1156 607 1255 explicavit,
641 1178 792 1252 quaeque
818 1153 865 1223 ad
891 1152 965 1223 duo
991 1151 1104 1222 modo
1127 1149 1293 1248 exempla,

282 1270 513 1357 reduximus,
533 1268 632 1367 prius
648 1267 783 1365 scilicet
800 1263 847 1337 ad
862 1264 1041 1337 vocalium
1056 1288 1285 1351 concursum,

282 1381 461 1492 posterius
476 1405 563 1453 vero
584 1395 621 1462 et
646 1379 868 1479 praecipuum
887 1377 934 1448 ad
963 1377 1189 1471 memoriam.
1209 1383 1289 1448 Bre-

283 1495 373 1567 viter
389 1517 513 1566 causas
529 1493 728 1590 disquirere
749 1491 992 1580 tentavimus,
1014 1490 1060 1561 de
1083 1489 1215 1586 quibus
1231 1490 1296 1560 hic,

283 1622 488 1680 constantes
504 1631 588 1678 suos
612 1604 756 1676 dicendi
772 1605 959 1700 magistros
975 1626 1052 1679 non
1068 1617 1211 1673 secutus
1229 1604 1285 1673 sit.

332 1723 528 1815 Postquam
541 1705 627 1788 inde
641 1716 757 1787 obiter
773 1715 1067 1810 significavimus,
1082 1737 1194 1810 quare
1208 1715 1288 1785 Vic-

283 1846 400 1903 torem
417 1855 499 1902 cum
514 1829 688 1900 Cicerone
706 1844 741 1900 et
750 1828 860 1900 Fabio
875 1828 1151 1918 contulerimus,
1172 1827 1220 1898 ad
1236 1851 1288 1899 se·

284 1943 442 2015 cundam
454 1943 572 2041 operis
583 1943 695 2014 nostri
705 1940 917 2013 divisionem
927 1939 1090 2040 provecti
1100 1963 1238 2030 sumus,
1253 1940 1287 2009 in

285 2080 356 2155 qua
364 2056 517 2127 Victoris
531 2079 596 2152 per
612 2079 649 2126 se
665 2053 798 2125 librum
815 2052 1110 2150 dijudicavimus,
1125 2067 1235 2149 atque
1251 2051 1296 2122 ila

284 2167 352 2240 lius
368 2183 430 2240 aut
448 2167 595 2239 virtutes
615 2181 676 2239 aut
693 2168 778 2239 vitia
795 2181 857 2238 aut
878 2190 1124 2263 quascumque
1144 2189 1290 2262 genera·

285 2283 350 2354 tim
375 2281 531 2354 rationes
554 2282 930 2352 commonstravimus.
963 2280 1029 2351 Hic
1057 2281 1241 2378 primunr,
1269 2303 1297 2363 a¹

285 2388 429 2459 Victore
454 2385 771 2458 animadvertimus
799 2388 990 2485 saepissime
1016 2387 1139 2461 decori
1157 2412 1290 2460 conve·

284 2499 457 2572 nieutiam
467 2498 735 2589 commendari;
749 2498 889 2571 nullum
903 2524 1055 2598 usquam
1067 2501 1289 2588 Quintiliano

284 2613 493 2686 recentioris
510 2613 690 2711 scriptoris
707 2637 842 2685 nomen
859 2613 996 2705 allerri,
1017 2629 1147 2694 contra
1170 2631 1300 2693 autem.

285 2728 430 2799 Latinos
450 2721 613 2799 auctores
628 2726 742 2798 Tullio
766 2727 988 2824 antiquiores
1004 2726 1156 2799 libenter
1173 2729 1291 2800 nomi-

287 2840 368 2911 nari
389 2854 424 2912 et
436 2840 568 2938 scripta
582 2862 709 2911 eorum
724 2840 901 2939 proferri3
922 2838 996 2911 non
1011 2839 1130 2912 solum
1149 2857 1292 2937 sentem

285 2953 352 3024 tias
375 2967 411 3023 et
429 2951 727 3056 declamationes,
747 2952 811 3024 sed
838 2954 947 3026 etiam
964 2955 1197 3052 panegyricas
1219 2956 1291 3034 dic·

286 3063 402 3135 tiones
419 3064 558 3162 respui3
577 3065 739 3136 Censorii
748 3067 892 3137 Catonis
903 3081 940 3137 et
950 3067 1104 3140 Gracchi
1120 3083 1156 3140 et
1167 3069 1292 3143 Fannii

287 3190 323 3247 ct
333 3176 440 3246 Ennii
451 3177 645 3273 fragmenta
656 3177 821 3273 quaedam
834 3178 1043 3251 inmedium
1053 3180 1204 3275 adduci,
1214 3206 1292 3279 quae

287 3316 364 3363 non
382 3288 470 3361 nihil
492 3293 735 3361 Romanarum
756 3291 955 3364 litterarum
971 3292 1129 3366 historiae
1156 3294 1293 3380 condu-

289 3419 384 3478 cant.
417 3408 544 3476 Postea
564 3403 607 3475 iis
631 3403 884 3502 respondimus
910 3406 973 3501 qui
1000 3406 1096 3478 forte
1117 3408 1293 3504 objecturi

290 3530 431 3610 essent,
474 3532 537 3590 aut
587 3518 767 3589 Victorem
806 3520 1024 3590 recentiores
1071 3521 1293 3606 Quintiliano

290 3632 480 3729 scriptores
498 3631 715 3718 nominasse,
741 3631 920 3727 siquidem
941 3634 1246 3710 Marcomaunum.
1259 3648 1295 3714 et

291 3742 454 3839 Aquilam
479 3758 515 3814 et
540 3743 717 3815 Titianum
741 3757 884 3825 secutus
911 3743 959 3813 sit
968 3798 981 3844 ,Α
1007 3757 1071 3815 aut
1097 3769 1183 3818 eum
1215 3769 1292 3817 non

290 3871 391 3929 recto
404 3856 567 3952 judicio,
598 3872 638 3928 ut
653 3881 691 3940 rv
709 3855 827 3928 saeculi
844 3855 1050 3946 hominem,
1070 3857 1292 3951 excelluisse,

217 3978 221 3983 '
292 3995 406 4070 quum
431 3970 677 4067 frequentibus
695 3971 998 4068 declamationum
1015 3970 1189 4069 exemplis
1204 3995 1306 4069 opus¹

294 4109 398 4157 sunm
423 4087 675 4184 consperserit.
704 4091 869 4188 Attamen
900 4085 1181 4159 asseveravimus
1207 4083 1307 4183 (nec,
