2738 4928
578 287 773 363 -98-.-

175 443 295 537 turias,
320 440 537 539 seujocosas
556 452 591 509 et
606 435 808 523 familiares,
826 459 888 527 seu
907 433 1076 507 moestitia
1087 456 1175 530 quaa

177 555 258 644 dam
267 554 420 653 dolentis
431 551 540 625 animi
551 550 690 649 penitus
699 551 899 647 impressas,
907 574 968 621 seu
980 546 1176 636 leviterde,

175 682 365 764 centerque
389 662 662 760 objurgatorias,
678 687 741 732 seu
763 660 1096 753 carissimisamicis
1118 659 1175 749 sel

176 805 241 855 sua
254 775 436 853 manuvel
456 775 652 875 plurimum
665 774 899 872 subscriptas,
911 799 974 849 seu
986 798 1176 861 commen·

177 891 317 969 datitias
339 888 539 965 incredibili
565 885 675 969 modo
691 887 863 973 variatas,
874 911 937 981 seu
955 911 1068 982 graece
1086 886 1176 982 qpip¹

176 1003 338 1079 busdam¹
348 990 487 1101 scriptis
504 1015 538 1073 et
562 999 759 1099 proverbiis
776 1001 1051 1098 tempestiuiset
1067 1000 1176 1087 versi,

179 1116 265 1188 culis
293 1117 482 1215 inspersas,
512 1139 580 1189 seu¹
592 1111 775 1207 vocabulis
793 1113 860 1185 illis
886 1125 1177 1203 conmanentes,

179 1228 308 1326 quibus
320 1227 420 1323 quasi
430 1239 645 1327 praesentem
652 1225 850 1325 alloquitur
862 1227 1030 1321 amicum,
1045 1227 1177 1323 episto·

177 1339 229 1411 las
240 1341 363 1419 Cicero
372 1326 515 1435 scribat,
530 1337 663 1437 ubique
679 1338 879 1437 perfectam.
890 1339 988 1421 illam
1004 1339 1178 1437 epistola„

178 1453 236 1537 ris¹
249 1453 369 1535 formae
389 1453 538 1546 gratiam
562 1452 772 1548 assequitur,
792 1476 901 1551 quam
921 1451 989 1525 sibi
1010 1450 1178 1548 pulcher-3

179 1566 306 1665 rimam
324 1565 460 1661 generis
479 1564 571 1636 illius
589 1563 940 1663 scribendi-speciem
953 1579 1036 1659 ante
1048 1561 1181 1657 Ιορμῑορ1

183 1679 301 1753 Victor
314 1677 451 1753 habuit.
469 1678 601 1764 Quinta
615 1676 771 1776 denique
787 1691 909 1769 nostra
921 1675 1177 1769 observatiogitt

180 1790 352 1861 duabus”
332 1814 442 1859 usseu
444 1789 561 1862 tentiis
566 1792 734 1916 ¹pauluru
743 1790 1095 1887 immorabitur,quae
1104 1814 1179 1865 non

181 1902 300 1976 miuus
314 1902 467 1979 rhetoris
483 1903 595 1973 nostri
611 1903 731 1977 auimo
744 1916 779 1977 ct
789 1904 939 2003 pectori,
954 1927 1066 1999 quam
1076 1901 1179 1998 iuges

181 2016 243 2086 nio
256 2031 291 2086 et
299 2015 437 2111 judicio
446 2013 599 2093 lionoris
608 2000 863 2104 aileran135ive
875 2015 951 2091 illas
965 2015 1060 2085 ultro
1070 2037 1181 2108 caco.-

182 2127 355 2229 gitaverit,
382 2127 455 2197 sive
482 2124 543 2203 ab
550 2114 630 2201 alio
644 2141 789 2202 auctore
812 2127 1027 2205 translatas
1017 2152 1056 2197 m
1073 2151 1182 2207 suum

182 2266 273 2339 opus
297 2226 491 2342 traduxerit
511 2253 547 2313 et
573 2239 641 2309 sibi
664 2241 760 2315 velut
777 2241 961 2338 propriam
985 2239 1182 2336 quamdam

182 2353 444 2451 possessionem
470 2351 708 2448 assumpserit.
735 2355 895 2439 Quarum
919 2353 1038 2450 priore
1062 2351 1177 2448 dicit:

187 2493 205 2531 u
224 2467 343 2550 Quum
375 2461 535 2533 offendas
562 2461 744 2533 dolentem
753 2463 950 2579 ,pauculis
978 2443 1185 2561 consolare,

184 2576 282 2676 quad
298 2575 397 2647 ulcus
412 2575 517 2646 etiam
532 2599 615 2647 cum
626 2577 734 2677 plana
747 2601 854 2649 manu
872 2573 1039 2673 tangitur,
1055 2603 1187 2674 cruens

184 2703 294 2781 tatur;
316 2717 333 2756 u
354 2690 550 2786 posteriore
567 2705 709 2767 autem:
734 2716 750 2754 u
772 2690 849 2763 lta
839 2715 876 2761 m
892 2689 1016 2765 litteris
1035 2692 1186 2787 numia-¹

186 2801 379 2872 miliaribus
400 2801 513 2892 ludes,
533 2817 573 2877 ut
598 2816 715 2882 tamen
742 2803 888 2907 cogites
897 2829 1002 2903 posse
1023 2805 1183 2893 evenire,

185 2927 226 2984 ut
241 2939 300 2984 eas
322 2912 454 2993 litteras
477 2916 596 3013 legant
617 2929 778 3013 tempore
803 2916 969 2993 tristiore,
993 2945 1011 2983 u
1031 2921 1095 2995 Ea
1100 2932 1187 3007 sunt

186 3018 450 3103 sententiarum
459 3026 593 3099 lumina
616 3024 746 3122 quibus
771 3050 1046 3129 nonnunquam,
1068 3029 1188 3105 rarius

187 3151 318 3226 tamen,
333 3130 441 3233 quam
451 3138 616 3230 decebat,
630 3138 782 3213 Victoris
794 3139 914 3235 eclogc
922 3139 1099 3221 illustrata
1116 3140 1186 3215 dis·
1265 3186 1269 3197 ·

186 3249 369 3346 tinguitur.
388 3251 520 3339 Victor,
535 3266 576 3321 ut
588 3277 631 3323 ex
644 3274 766 3323 carum
786 3252 903 3350 priore
916 3267 1076 3353 apparet,
1093 3277 1188 3353 pro.-

187 3361 245 3434 cul
263 3361 361 3433 abest
380 3362 425 3434 ab
445 3364 543 3435 inani
559 3365 626 3435 isto
648 3362 841 3439 verborum
858 3364 947 3449 ¹fastu
970 3390 1044 3462 quo
1060 3364 1185 3458 Stoici,

187 3502 260 3575 quo
282 3478 416 3553 Seneca
431 3481 453 3569 ²,
474 3476 745 3575 quosulpicius
764 3479 775 3514 ³
796 3478 1006 3556 Ciceronem
1029 3478 1189 3555 amicum

188 3578 233 3660 de
254 3603 369 3663 morta
394 3587 512 3661 Tulliae
541 3574 718 3663 consolari
741 3602 897 3677 tentam,
924 3615 997 3691 quo
1024 3602 1207 3689 veterum

229 3789 258 3845 l.
280 3788 311 3844 C.
328 3791 355 3848 J.
369 3787 461 3859 Vict,
477 3806 540 3865 cap.
556 3806 655 3861 xxm,
671 3806 700 3865 p.
717 3790 786 3847 tat.

229 3877 257 3934 2.
279 3879 392 3948 Senem,
405 3879 446 3933 ad
457 3881 601 3950 Helvium,
623 3880 663 3934 ud
675 3877 835 3950 Polybium,
851 3881 893 3934 ad
903 3881 1045 3936 Marciam
1059 3881 1190 3936 consola·

189 3966 334 4021 tionea-
347 3966 437 4044 Epist.
456 3988 635 4031 axrtnacrx.

146 4087 149 4092 ·
229 4055 257 4116 3.
280 4054 387 4135 Sulpic.
403 4056 481 4134 apud
493 4057 552 4118 Cic.
568 4061 659 4133 Epist.
674 4059 826 4148 ‹ad-divers.
843 4060 943 4145 lv„v.
