2738 4928
684 284 881 358 ..43-

278 440 420 512 tionum
429 433 1030 531 omniurnconvenientia,quasalii
1040 432 1125 503 alias
1137 431 1284 504 dicendi

277 552 435 647 magistri
462 549 508 621 ad
536 549 687 620 oratoris
713 547 872 619 officium
896 546 1282 637 accommodaverunt,

277 664 559 737 animadvertere
572 660 824 733 tantummodo
842 658 1004 751 sufficiat,
1027 671 1283 754 quantascum-

277 802 350 875 que
365 774 561 848 calumnias
575 778 800 866 Hermagorae
814 770 859 841 de
873 769 1048 841 rhetorica
1068 769 1161 864 finis,
1176 775 1284 843 Pseu·

277 890 491 986 daugustino
505 890 627 978 teste¹,
646 885 811 975 subierit,
832 909 914 955 eum
927 898 1043 955 tamen
1062 909 1156 971 esse,
1176 898 1217 954 ut
1236 884 1283 956 ad

276 1025 508 1076 communem
524 1001 616 1071 inter
629 1013 765 1070 veteres
783 997 969 1067 rhetoricae
982 996 1168 1094 proposita
1181 996 1284 1069 intel·

274 1115 409 1213 ligendi
424 1137 570 1185 sensum
583 1112 733 1182 omnino
750 1122 889 1208 aptetur
901 1123 935 1180 et
949 1108 1112 1205 quadret,
1131 1123 1166 1178 et
1181 1106 1280 1201 ideo,

275 1241 497 1326 repugnante
510 1226 592 1296 licet
609 1222 818 1311 Quintiliani
836 1223 1059 1315 auctoritate,
1073 1222 1284 1319 aplerisque

275 1341 409 1412 Latinis
428 1337 631 1409 rhetoribus
652 1335 846 1407 libentibus
869 1350 1034 1434 acceptus
1053 1335 1111 1406 sit.
1131 1339 1283 1409 Herma·

275 1475 370 1549 gome
392 1453 526 1550 pariter
552 1462 672 1520 mente
696 1434 882 1521 instinctus
908 1449 1032 1518 Victor
1050 1471 1093 1518 ac
1113 1462 1284 1547 praeterea

274 1562 494 1635 Aristotelica
502 1563 640 1634 ratione
651 1559 832 1654 inductus,
844 1585 918 1631 non
929 1558 1116 1632 rhetoricae
1130 1561 1214 1631 artis
1227 1550 1283 1633 di·

275 1678 446 1775 gnitatem
472 1675 553 1774 plus
571 1700 674 1772 aequo
696 1672 929 1773 amplificasse
952 1671 1020 1745 sibi
1040 1672 1200 1767 videtur,
1220 1677 1284 1773 qui

275 1815 318 1863 ea
343 1791 491 1861 demum
510 1788 627 1861 civilia
644 1789 787 1884 negotia
813 1787 1030 1880 vocaverit’,
1059 1813 1165 1884 «quae
1184 1780 1284 1860 nulla

274 1917 350 1976 arte
379 1904 526 2002 propria
552 1903 801 1991 continentur,
825 1918 866 1972 ut
894 1902 1117 1999 geometricae
1137 1915 1173 1972 et
1201 1927 1283 1973 mu·

274 2015 375 2104 sicae,
408 2029 444 2085 et
470 2028 669 2085 ceterarum
700 2012 907 2109 hujusmodi
938 2013 1183 2106 scientiarum,
1219 2015 1283 2087 sed

273 2151 398 2200 earum
411 2151 532 2198 rerum
546 2139 733 2197 tractatum
746 2125 880 2197 habent
892 2153 972 2224 quae
988 2112 1222 2226 perficiuntur
1238 2152 1283 2199 ex
1351 2114 1355 2119 ⁴

274 2241 446 2338 opinione
467 2240 670 2328 communi,
699 2255 761 2311 aut
780 2239 939 2334 legibus,
963 2256 1024 2311 aut
1045 2238 1225 2335 moribus,
1247 2256 1284 2313 et

273 2348 469 2448 dequibus
495 2373 620 2419 omnes
643 2351 705 2446 qui
728 2349 952 2447 aliquatenus
978 2351 1196 2425 intellectum
1214 2345 1283 2427 ali-

273 2487 384 2560 quem
423 2462 615 2560 recipiunt,
652 2477 688 2533 et
722 2462 840 2534 dicere
874 2479 909 2536 et
937 2463 1099 2560 judicare
1127 2467 1278 2564 possint.

274 2571 517 2648 Omnes'enim
529 2574 601 2646 sere
613 2587 648 2644 et
662 2599 829 2676 accusare
844 2575 954 2647 alium
968 2591 1003 2648 et
1022 2602 1173 2674 purgare
1187 2578 1280 2678 seip-

273 2714 332 2763 sos
347 2703 508 2788 possunt,
529 2687 625 2786 etde
643 2713 746 2785 aequo
764 2704 799 2761 et
815 2690 892 2761 utili
910 2689 1091 2788 disputare
1112 2690 1281 2765 videntur

273 2799 339 2874 sibi
364 2826 482 2900 posse.
509 2800 579 2873 Sed
602 2800 674 2872 hoc
700 2801 756 2874 alii
783 2817 912 2907 natura
938 2807 1079 2875 tantum
1107 2803 1183 2875 sine
1209 2796 1281 2877 ulla

194 2971 197 2974 -
273 2912 522 2986 observatione
536 2929 597 2984 aut
609 2915 860 2986 exercitatione
876 2914 1010 2987 faciunt
1090 2912 1149 2986 alii
1159 2931 1280 2988 autem

272 3049 340 3096 usu
373 3041 409 3096 et
441 3026 691 3097 exercitatione
732 3016 891 3101 civilium
928 3053 1049 3100 rerum
1094 3028 1213 3102 utilius
1244 3045 1282 3104 et

271 3124 472 3240 promptius
499 3153 648 3212 utuntur
672 3141 851 3234 oratione,
882 3134 981 3215 unde
1000 3140 1139 3215 'lactum
1162 3160 1216 3215 est
1239 3159 1281 3217 ut

255 3252 437 3350 ,quaedam
454 3251 722 3325 observationes
739 3269 981 3346 nascerentur,
1003 3246 1133 3353 quibus
1150 3256 1278 3330 collec-

271 3364 316 3436 tis
343 3379 378 3436 et
403 3350 693 3464 comprehensis,
716 3381 806 3438 esset
821 3364 993 3464 quaedam
1015 3366 1203 3467 disciplina
1226 3353 1280 3442 di·

271 3476 390 3550 cendl.
410 3504 428 3544 u

321 3590 382 3660 His
399 3576 522 3661 Victor
543 3578 589 3663 de
608 3579 803 3664 rhetorices
816 3616 966 3678 munere
984 3606 1019 3664 et
1037 3593 1174 3688 origine
1191 3619 1278 3666 usus

267 3701 423 3798 judiciis,
443 3703 528 3776 hinc
545 3706 698 3778 multum
715 3730 737 3778 a
754 3707 975 3794 Quintiliano
994 3705 1126 3791 distare
1138 3707 1278 3805 perspi·

310 3954 340 4009 1.
363 3949 464 4008 Auret.
480 3933 646 4031 Augustin„
662 3914 718 4015 loc
734 3942 782 4015 cit.
898 3948 901 3953 ¹

309 4041 340 4100 2.
363 4042 396 4105 C.
411 4042 438 4098 J.
452 4039 539 4119 vict,
555 4063 585 4122 p.
601 4045 631 4107 3.
