2738 4928
509 374 564 407 .·.-
585 334 688 417 ,3,-

98 509 160 559 seu
174 484 384 559 tractatione
400 481 476 581 ejus
494 482 635 558 assidua
644 484 829 559 manifeste
841 512 906 585 per
920 488 1102 564 utilissima

99 599 315 673 iudiciorum
331 624 463 695 genera
477 615 647 698 appareat
663 626 739 693 cur,
760 604 947 699 quomodo
964 620 999 677 et
1017 631 1104 702 qua·

98 725 202 785 tenus
224 714 337 809 magis
360 738 402 787 ac
425 714 550 808 magis,
578 713 625 786 ah
650 715 866 812 incorrupta
891 717 1103 813 eloquentiae

98 827 323 925 temporibus
343 827 390 900 ad
409 827 561 900 Victoris
586 842 744 919 aetatem,
770 843 958 907 oratorum
980 830 1103 902 rheto-

98 963 252 1038 rumque
269 941 410 1037 ingenia
427 955 462 1011 et
477 939 594 1012 studia
611 941 648 1013 in
665 941 768 1039 pejus
781 955 918 1013 mutata
935 941 1104 1017 decreve-

98 1052 183 1146 rint,
199 1078 275 1125 non
283 1053 429 1150 indigna
440 1068 493 1125 est
507 1053 617 1150 hujus
625 1053 828 1146 Rhetorica,
840 1054 1104 1151 quantulicum-

99 1190 170 1262 que
202 1166 279 1264 ipsa
303 1191 368 1264 per
391 1190 429 1236 se
453 1165 559 1264 pretii
586 1163 667 1255 liat,
700 1166 736 1237 in
767 1191 876 1262 quam
908 1168 1008 1252 omni
1035 1192 1105 1266 ope

99 1277 262 1357 curiosus
279 1280 510 1376 antiquorum
528 1277 717 1373 indagator
734 1278 930 1354 incumbat.

149 1393 253 1464 Nunc
272 1381 398 1487 pauca
409 1389 487 1461 haec
502 1391 759 1487 praemonuisse
784 1404 973 1463 contentus
994 1413 1106 1485 quare

99 1501 329 1600 propositum
346 1500 509 1573 laborem
525 1499 770 1591 libenternec,
789 1515 830 1571 ut
842 1526 963 1597 spero,
980 1501 1108 1572 frustra

99 1611 330 1710 susceperim,
352 1610 487 1685 omissa
501 1613 603 1684 omni
619 1637 741 1684 rerum
754 1611 1020 1708 verborumque
1033 1637 1107 1684 am·

98 1722 201 1822 bage,
221 1738 315 1797 recta
330 1723 377 1795 ad
395 1737 580 1799 auctorem
597 1723 684 1796 editi
700 1748 722 1796 a
738 1725 831 1795 Maio
852 1724 898 1795 de
916 1725 1106 1798 Rhetorica

99 1839 182 1913 arte
200 1837 319 1936 operis
332 1860 374 1910 ac
388 1835 473 1911 dein
485 1836 532 1908 ad
548 1836 669 1935 ipsum
686 1860 778 1934 opus
795 1860 954 1934 pergam.

527 2079 688 2101 m

347 2261 371 2345 S
385 2267 413 2323 3.
429 2267 474 2323 De
486 2266 519 2327 C.
534 2263 613 2322 Julio
627 2263 856 2342 Victorepauca.

149 2456 202 2524 De
218 2451 371 2523 Victoris
388 2467 509 2523 autern
525 2451 652 2548 patria,
667 2465 781 2542 aetate,
798 2453 881 2544 vita,
901 2452 990 2523 nihil
1010 2453 1121 2529 aliud.

100 2564 232 2657 habeo,
263 2588 302 2634 re
337 2589 446 2660 quam
481 2561 747 2659 diligentissime
780 2565 882 2660 potui
910 2566 1103 2664 explorata,

100 2692 344 2774 compertum,
372 2701 482 2773 quam
505 2700 584 2771 quae
608 2676 712 2755 solita
736 2678 949 2772 perspicacis
975 2682 1108 2774 ingenii

99 2790 291 2886 sagacitate
305 2812 390 2858 usus
403 2785 604 2858 verisimilia
618 2813 694 2859 esse
709 2787 861 2881 Angelus
874 2789 985 2858 Maius
997 2795 1005 2828 ¹
1018 2796 1115 2861 eon-¹

98 2902 195 2999 jecit.
219 2905 342 2998 ltaque
358 2900 513 2971 Victoris
530 2900 695 2998 patriam,
717 2923 792 2970 non
809 2898 928 2990 nimis,
949 2916 986 2970 ut
1004 2903 1108 2997 equi-

102 3013 185 3085 dem
203 3012 326 3104 cred0,
346 3010 513 3083 audacter
525 3009 734 3102 hariolatus,
750 3009 900 3081 Galliam
918 3011 1023 3083 fuisse
1035 3037 1107 3086 sus·

101 3126 260 3224 picatur3
274 3124 312 3195 in
328 3149 400 3221 qua
413 3123 488 3219 jam
504 3122 589 3199 iude
607 3121 653 3193 ab
672 3124 817 3219 Augusti
836 3123 1057 3220 temporibus
1072 3142 1107 3199 et

102 3252 208 3310 antea
225 3237 333 3309 etiam
351 3234 529 3333 usquead
547 3249 724 3308 extremos
746 3236 857 3333 ipsius
876 3236 1016 3334 imperii
1034 3243 1105 3310 Ro-

95 3351 202 3421 mani
218 3374 348 3439 annos,
369 3361 423 3418 tot
438 3360 624 3418 oratorum
640 3361 676 3418 et
692 3347 837 3419 dieendi
856 3350 1107 3444 magistrorum

104 3486 248 3561 genera,
267 3463 454 3552 Cicerone,
480 3463 616 3533 Seneca
632 3475 746 3559 patre,
766 3460 999 3547 Quintiliane,
1011 3464 1107 3533 Sue·

99 3577 206 3649 tonio
218 3579 242 3667 ¹,
260 3579 306 3664 Q.
327 3574 469 3649 Aurelio
485 3572 715 3670 Symmacho,
736 3574 905 3665 husoni0,
921 3573 1006 3646 divo
1023 3575 1109 3647 Hie-
1138 3613 1143 3618 ·
1196 3591 1200 3600 '

104 3713 259 3786 rony-mo
275 3690 299 3780 ⁸,
312 3686 631 3786 compluribusque
645 3686 722 3759 ahie
733 3686 893 3775 testibus,
913 3683 1109 3787 interquos

146 3902 176 3958 l.
199 3897 256 3959 Adi
268 3897 391 3973 Maium,
406 3900 443 3956 de
457 3903 487 3956 V
484 3903 578 3957 icteris
594 3898 754 3972 Rhetorica,
773 3895 963 3957 nxr111-nxx1.

145 3995 176 4052 2.
198 3998 244 4051 De
258 3991 398 4070 Gramm,
417 4014 481 4085 cap.
500 4015 546 4055 ur.

148 4091 177 4146 a.
200 4086 429 4170 upmetetibi.
498 4112 529 4125 ··
