<?xml version="1.0" encoding="UTF-8"?>
<!DOCTYPE html PUBLIC "-//W3C//DTD XHTML 1.0 Transitional//EN"
    "http://www.w3.org/TR/xhtml1/DTD/xhtml1-transitional.dtd">
<html xmlns="http://www.w3.org/1999/xhtml" xml:lang="en" lang="en">
 <head>
  <title>
</title>
<meta http-equiv="Content-Type" content="text/html;charset=utf-8" />
  <meta name='ocr-system' content='tesseract 3.04.00' />
  <meta name='ocr-capabilities' content='ocr_page ocr_carea ocr_par ocr_line ocrx_word'/>
</head>
<body>
  <div class='ocr_page' id='page_1' title='image "./decaiijuliivict00damigoog_0130.png"; bbox 0 0 2738 4928; ppageno 0'>
   <div class='ocr_carea' id='block_1_1' title="bbox 175 551 1241 4285">
    <p class='ocr_par' dir='ltr' id='par_1_1' title="bbox 175 551 1241 4285">
     <span class='ocr_line' id='line_1_1' title="bbox 177 551 1177 656; baseline -0.005 -22"><span class='ocrx_word' id='word_1_1' title='bbox 177 551 1177 656; x_wconf 87' lang='lat' dir='ltr'>eloquentiamamplexisintetcommendaverint.Dissi-</span> 
     </span>
     <span class='ocr_line' id='line_1_2' title="bbox 175 666 1181 764; baseline -0.004 -19"><span class='ocrx_word' id='word_1_2' title='bbox 175 666 1181 764; x_wconf 79' lang='lat' dir='ltr'>milesauteminterse&#39;fneruutambo,quodalterinscho·</span> 
     </span>
     <span class='ocr_line' id='line_1_3' title="bbox 175 779 1181 881; baseline -0.006 -22"><span class='ocrx_word' id='word_1_3' title='bbox 175 787 293 859; x_wconf 85' lang='lat' dir='ltr'>larum</span> <span class='ocrx_word' id='word_1_4' title='bbox 305 780 557 854; x_wconf 86' lang='lat' dir='ltr'>tantummodo</span> <span class='ocrx_word' id='word_1_5' title='bbox 566 779 692 851; x_wconf 90' lang='lat' dir='ltr'>umbra</span> <span class='ocrx_word' id='word_1_6' title='bbox 703 781 876 873; x_wconf 80' lang='lat' dir='ltr'>crudituS,</span> <span class='ocrx_word' id='word_1_7' title='bbox 891 780 977 852; x_wconf 89' lang='lat' dir='ltr'>nihil</span> <span class='ocrx_word' id='word_1_8' title='bbox 987 781 1085 879; x_wconf 92' lang='lat' dir='ltr'>quod</span> <span class='ocrx_word' id='word_1_9' title='bbox 1099 807 1181 881; x_wconf 92' lang='lat' dir='ltr'>pro-</span> 
     </span>
     <span class='ocr_line' id='line_1_4' title="bbox 177 894 1179 1003; baseline -0.005 -30"><span class='ocrx_word' id='word_1_10' title='bbox 177 902 257 1003; x_wconf 86' lang='lat' dir='ltr'>prie</span> <span class='ocrx_word' id='word_1_11' title='bbox 273 897 320 971; x_wconf 90' lang='lat' dir='ltr'>ad</span> <span class='ocrx_word' id='word_1_12' title='bbox 335 921 450 968; x_wconf 86' lang='lat' dir='ltr'>aevum</span> <span class='ocrx_word' id='word_1_13' title='bbox 468 919 573 965; x_wconf 90' lang='lat' dir='ltr'>suum</span> <span class='ocrx_word' id='word_1_14' title='bbox 590 894 785 993; x_wconf 80' lang='lat' dir='ltr'>pertineret</span> <span class='ocrx_word' id='word_1_15' title='bbox 810 895 883 966; x_wconf 79' lang='lat' dir='ltr'>&#39;sive</span> <span class='ocrx_word' id='word_1_16' title='bbox 901 895 937 965; x_wconf 94' lang='lat' dir='ltr'>in</span> <span class='ocrx_word' id='word_1_17' title='bbox 955 908 1033 966; x_wconf 88' lang='lat' dir='ltr'>toto</span> <span class='ocrx_word' id='word_1_18' title='bbox 1051 920 1179 994; x_wconf 88' lang='lat' dir='ltr'>opere,</span> 
     </span>
     <span class='ocr_line' id='line_1_5' title="bbox 180 1006 1182 1110; baseline -0.007 -23"><span class='ocrx_word' id='word_1_19' title='bbox 180 1013 255 1087; x_wconf 87' lang='lat' dir='ltr'>sive</span> <span class='ocrx_word' id='word_1_20' title='bbox 273 1012 309 1085; x_wconf 91' lang='lat' dir='ltr'>in</span> <span class='ocrx_word' id='word_1_21' title='bbox 328 1008 511 1110; x_wconf 69' lang='lat' dir='ltr'><strong>praeceptis</strong></span> <span class='ocrx_word' id='word_1_22' title='bbox 532 1006 578 1078; x_wconf 92' lang='lat' dir='ltr'>ad</span> <span class='ocrx_word' id='word_1_23' title='bbox 599 1006 937 1079; x_wconf 81' lang='lat' dir='ltr'>sermocinationem</span> <span class='ocrx_word' id='word_1_24' title='bbox 961 1021 995 1079; x_wconf 90' lang='lat' dir='ltr'>et</span> <span class='ocrx_word' id='word_1_25' title='bbox 1016 1008 1182 1105; x_wconf 79' lang='lat' dir='ltr'>epistolas</span> 
     </span>
     <span class='ocr_line' id='line_1_6' title="bbox 181 1120 1185 1220; baseline -0.009 -19"><span class='ocrx_word' id='word_1_26' title='bbox 181 1124 480 1213; x_wconf 85' lang='lat' dir='ltr'>accommodatis,</span> <span class='ocrx_word' id='word_1_27' title='bbox 500 1121 687 1218; x_wconf 89' lang='lat' dir='ltr'>expressit;</span> <span class='ocrx_word' id='word_1_28' title='bbox 708 1120 797 1192; x_wconf 88' lang='lat' dir='ltr'>alter</span> <span class='ocrx_word' id='word_1_29' title='bbox 813 1135 951 1210; x_wconf 90' lang='lat' dir='ltr'>autem,</span> <span class='ocrx_word' id='word_1_30' title='bbox 970 1121 1072 1191; x_wconf 90' lang='lat' dir='ltr'>sicuti</span> <span class='ocrx_word' id='word_1_31' title='bbox 1092 1146 1185 1220; x_wconf 86' lang='lat' dir='ltr'>prae-</span> 
     </span>
     <span class='ocr_line' id='line_1_7' title="bbox 178 1233 1186 1323; baseline -0.006 -10"><span class='ocrx_word' id='word_1_32' title='bbox 178 1240 395 1314; x_wconf 89' lang='lat' dir='ltr'>clarissimus</span> <span class='ocrx_word' id='word_1_33' title='bbox 411 1237 465 1307; x_wconf 88' lang='lat' dir='ltr'>vir</span> <span class='ocrx_word' id='word_1_34' title='bbox 482 1233 865 1323; x_wconf 87' lang='lat' dir='ltr'>communihominum</span> <span class='ocrx_word' id='word_1_35' title='bbox 876 1234 956 1305; x_wconf 88' lang='lat' dir='ltr'>vitae</span> <span class='ocrx_word' id='word_1_36' title='bbox 971 1248 1006 1305; x_wconf 92' lang='lat' dir='ltr'>et</span> <span class='ocrx_word' id='word_1_37' title='bbox 1022 1259 1186 1307; x_wconf 89' lang='lat' dir='ltr'>commu·</span> 
     </span>
     <span class='ocr_line' id='line_1_8' title="bbox 179 1348 1186 1446; baseline -0.01 -17"><span class='ocrx_word' id='word_1_38' title='bbox 179 1354 289 1429; x_wconf 89' lang='lat' dir='ltr'>nibus</span> <span class='ocrx_word' id='word_1_39' title='bbox 317 1351 441 1424; x_wconf 85' lang='lat' dir='ltr'>officiis</span> <span class='ocrx_word' id='word_1_40' title='bbox 475 1350 611 1446; x_wconf 87' lang='lat' dir='ltr'>ingenti</span> <span class='ocrx_word' id='word_1_41' title='bbox 643 1348 755 1445; x_wconf 82' lang='lat' dir='ltr'>gloria</span> <span class='ocrx_word' id='word_1_42' title='bbox 787 1348 988 1438; x_wconf 78' lang='lat' dir='ltr'>immixtuS,</span> <span class='ocrx_word' id='word_1_43' title='bbox 1023 1349 1186 1444; x_wconf 89' lang='lat' dir='ltr'>quamvis</span> 
     </span>
     <span class='ocr_line' id='line_1_9' title="bbox 181 1461 1185 1551; baseline -0.01 -8"><span class='ocrx_word' id='word_1_44' title='bbox 181 1468 365 1543; x_wconf 80' lang='lat' dir='ltr'>Ciceronis</span> <span class='ocrx_word' id='word_1_45' title='bbox 388 1464 569 1537; x_wconf 91' lang='lat' dir='ltr'>studiosus</span> <span class='ocrx_word' id='word_1_46' title='bbox 597 1462 792 1535; x_wconf 84' lang='lat' dir='ltr'>admirator</span> <span class='ocrx_word' id='word_1_47' title='bbox 814 1461 938 1551; x_wconf 85' lang='lat' dir='ltr'>suerit,</span> <span class='ocrx_word' id='word_1_48' title='bbox 968 1487 1042 1531; x_wconf 88' lang='lat' dir='ltr'>non</span> <span class='ocrx_word' id='word_1_49' title='bbox 1065 1476 1185 1533; x_wconf 88' lang='lat' dir='ltr'>tamen</span> 
     </span>
     <span class='ocr_line' id='line_1_10' title="bbox 182 1574 1184 1672; baseline -0.012 -16"><span class='ocrx_word' id='word_1_50' title='bbox 182 1582 366 1657; x_wconf 89' lang='lat' dir='ltr'>Ciceronis</span> <span class='ocrx_word' id='word_1_51' title='bbox 380 1603 533 1668; x_wconf 92' lang='lat' dir='ltr'>meram,</span> <span class='ocrx_word' id='word_1_52' title='bbox 546 1600 613 1647; x_wconf 92' lang='lat' dir='ltr'>nec</span> <span class='ocrx_word' id='word_1_53' title='bbox 623 1576 696 1672; x_wconf 87' lang='lat' dir='ltr'>jam</span> <span class='ocrx_word' id='word_1_54' title='bbox 707 1600 787 1647; x_wconf 90' lang='lat' dir='ltr'>eam</span> <span class='ocrx_word' id='word_1_55' title='bbox 800 1601 879 1672; x_wconf 78' lang='lat' dir='ltr'>quae</span> <span class='ocrx_word' id='word_1_56' title='bbox 890 1575 1029 1672; x_wconf 86' lang='lat' dir='ltr'>ingrato</span> <span class='ocrx_word' id='word_1_57' title='bbox 1041 1574 1184 1667; x_wconf 78' lang='lat' dir='ltr'>saeculo,</span> 
     </span>
     <span class='ocr_line' id='line_1_11' title="bbox 181 1687 1192 1794; baseline -0.004 -25"><span class='ocrx_word' id='word_1_58' title='bbox 181 1695 293 1769; x_wconf 82' lang='lat' dir='ltr'>veluti</span> <span class='ocrx_word' id='word_1_59' title='bbox 311 1693 474 1794; x_wconf 88' lang='lat' dir='ltr'>phoenix,</span> <span class='ocrx_word' id='word_1_60' title='bbox 494 1716 514 1762; x_wconf 91' lang='lat' dir='ltr'>e</span> <span class='ocrx_word' id='word_1_61' title='bbox 531 1687 709 1761; x_wconf 85' lang='lat' dir='ltr'>cineribus</span> <span class='ocrx_word' id='word_1_62' title='bbox 735 1703 993 1776; x_wconf 87' lang='lat' dir='ltr'>renasceretur,</span> <span class='ocrx_word' id='word_1_63' title='bbox 1017 1687 1192 1787; x_wconf 65' lang='lat' dir='ltr'>eloquetu-</span> 
     </span>
     <span class='ocr_line' id='line_1_12' title="bbox 184 1799 1195 1899; baseline -0.008 -19"><span class='ocrx_word' id='word_1_64' title='bbox 184 1808 285 1898; x_wconf 87' lang='lat' dir='ltr'>tiam,</span> <span class='ocrx_word' id='word_1_65' title='bbox 304 1807 408 1877; x_wconf 89' lang='lat' dir='ltr'>unice</span> <span class='ocrx_word' id='word_1_66' title='bbox 426 1819 462 1875; x_wconf 88' lang='lat' dir='ltr'>et</span> <span class='ocrx_word' id='word_1_67' title='bbox 480 1802 590 1899; x_wconf 87' lang='lat' dir='ltr'>rigide</span> <span class='ocrx_word' id='word_1_68' title='bbox 609 1815 644 1873; x_wconf 91' lang='lat' dir='ltr'>et</span> <span class='ocrx_word' id='word_1_69' title='bbox 658 1799 820 1872; x_wconf 90' lang='lat' dir='ltr'>absolute</span> <span class='ocrx_word' id='word_1_70' title='bbox 836 1816 871 1872; x_wconf 87' lang='lat' dir='ltr'>et</span> <span class='ocrx_word' id='word_1_71' title='bbox 886 1801 1059 1874; x_wconf 89' lang='lat' dir='ltr'>inutiliter</span> <span class='ocrx_word' id='word_1_72' title='bbox 1075 1806 1195 1880; x_wconf 77' lang='lat' dir='ltr'>affee-</span> 
     </span>
     <span class='ocr_line' id='line_1_13' title="bbox 184 1912 1194 2016; baseline -0.004 -24"><span class='ocrx_word' id='word_1_73' title='bbox 184 1921 288 2008; x_wconf 86' lang='lat' dir='ltr'>tavit,</span> <span class='ocrx_word' id='word_1_74' title='bbox 314 1919 378 1991; x_wconf 90' lang='lat' dir='ltr'>sed</span> <span class='ocrx_word' id='word_1_75' title='bbox 400 1913 622 2016; x_wconf 90' lang='lat' dir='ltr'>temporibus</span> <span class='ocrx_word' id='word_1_76' title='bbox 654 1913 725 1985; x_wconf 92' lang='lat' dir='ltr'>suis</span> <span class='ocrx_word' id='word_1_77' title='bbox 757 1912 923 2004; x_wconf 87' lang='lat' dir='ltr'>indulsit,</span> <span class='ocrx_word' id='word_1_78' title='bbox 947 1929 982 1985; x_wconf 91' lang='lat' dir='ltr'>et</span> <span class='ocrx_word' id='word_1_79' title='bbox 1007 1915 1142 1992; x_wconf 86' lang='lat' dir='ltr'>idcirco</span> <span class='ocrx_word' id='word_1_80' title='bbox 1170 1947 1194 1993; x_wconf 88' lang='lat' dir='ltr'>e</span> 
     </span>
     <span class='ocr_line' id='line_1_14' title="bbox 184 2027 1192 2126; baseline 0 -21"><span class='ocrx_word' id='word_1_81' title='bbox 184 2035 291 2105; x_wconf 87' lang='lat' dir='ltr'>variis</span> <span class='ocrx_word' id='word_1_82' title='bbox 308 2031 451 2104; x_wconf 90' lang='lat' dir='ltr'>dicendi</span> <span class='ocrx_word' id='word_1_83' title='bbox 470 2028 658 2126; x_wconf 86' lang='lat' dir='ltr'>generibus</span> <span class='ocrx_word' id='word_1_84' title='bbox 674 2027 891 2120; x_wconf 83' lang='lat' dir='ltr'>immixtam,</span> <span class='ocrx_word' id='word_1_85' title='bbox 911 2028 1038 2103; x_wconf 89' lang='lat' dir='ltr'>sivein</span> <span class='ocrx_word' id='word_1_86' title='bbox 1057 2036 1192 2107; x_wconf 88' lang='lat' dir='ltr'>oratio·</span> 
     </span>
     <span class='ocr_line' id='line_1_15' title="bbox 184 2141 1196 2243; baseline 0.001 -25"><span class='ocrx_word' id='word_1_87' title='bbox 184 2147 306 2238; x_wconf 93' lang='lat' dir='ltr'>nibus,</span> <span class='ocrx_word' id='word_1_88' title='bbox 315 2147 388 2217; x_wconf 91' lang='lat' dir='ltr'>sive</span> <span class='ocrx_word' id='word_1_89' title='bbox 398 2146 433 2215; x_wconf 89' lang='lat' dir='ltr'>in</span> <span class='ocrx_word' id='word_1_90' title='bbox 446 2144 618 2243; x_wconf 89' lang='lat' dir='ltr'>epistolis,</span> <span class='ocrx_word' id='word_1_91' title='bbox 632 2142 827 2215; x_wconf 90' lang='lat' dir='ltr'>dictionem</span> <span class='ocrx_word' id='word_1_92' title='bbox 840 2141 905 2213; x_wconf 91' lang='lat' dir='ltr'>sibi</span> <span class='ocrx_word' id='word_1_93' title='bbox 915 2199 924 2232; x_wconf 90' lang='lat'>,</span> <span class='ocrx_word' id='word_1_94' title='bbox 936 2145 1071 2242; x_wconf 86' lang='lat' dir='ltr'>peritus</span> <span class='ocrx_word' id='word_1_95' title='bbox 1083 2149 1196 2221; x_wconf 86' lang='lat' dir='ltr'>aetatis</span> 
     </span>
     <span class='ocr_line' id='line_1_16' title="bbox 185 2257 1193 2356; baseline 0 -23"><span class='ocrx_word' id='word_1_96' title='bbox 185 2286 257 2333; x_wconf 86' lang='lat' dir='ltr'>suae</span> <span class='ocrx_word' id='word_1_97' title='bbox 285 2260 490 2352; x_wconf 88' lang='lat' dir='ltr'>aestimator,</span> <span class='ocrx_word' id='word_1_98' title='bbox 518 2258 664 2356; x_wconf 90' lang='lat' dir='ltr'>aptavit.</span> <span class='ocrx_word' id='word_1_99' title='bbox 694 2260 754 2329; x_wconf 86' lang='lat' dir='ltr'>Hae</span> <span class='ocrx_word' id='word_1_100' title='bbox 785 2270 868 2328; x_wconf 88' lang='lat' dir='ltr'>sunt</span> <span class='ocrx_word' id='word_1_101' title='bbox 896 2257 1041 2354; x_wconf 90' lang='lat' dir='ltr'>quidem</span> <span class='ocrx_word' id='word_1_102' title='bbox 1076 2285 1193 2333; x_wconf 82' lang='lat' dir='ltr'>causac·</span> 
     </span>
     <span class='ocr_line' id='line_1_17' title="bbox 185 2370 1189 2470; baseline 0.001 -23"><span class='ocrx_word' id='word_1_103' title='bbox 185 2374 412 2463; x_wconf 80' lang='lat' dir='ltr'>cnr,hincC.</span> <span class='ocrx_word' id='word_1_104' title='bbox 435 2377 465 2442; x_wconf 91' lang='lat' dir='ltr'>J.</span> <span class='ocrx_word' id='word_1_105' title='bbox 486 2372 622 2470; x_wconf 80' lang='lat' dir='ltr'>Victor,</span> <span class='ocrx_word' id='word_1_106' title='bbox 636 2370 805 2459; x_wconf 90' lang='lat' dir='ltr'>Gallicus,</span> <span class='ocrx_word' id='word_1_107' title='bbox 828 2371 1029 2463; x_wconf 90' lang='lat' dir='ltr'>utvidetnr,</span> <span class='ocrx_word' id='word_1_108' title='bbox 1050 2373 1189 2465; x_wconf 84' lang='lat' dir='ltr'>rhetor,</span> 
     </span>
     <span class='ocr_line' id='line_1_18' title="bbox 184 2484 1193 2587; baseline 0 -28"><span class='ocrx_word' id='word_1_109' title='bbox 184 2487 298 2587; x_wconf 85' lang='lat' dir='ltr'>rigida</span> <span class='ocrx_word' id='word_1_110' title='bbox 321 2485 521 2558; x_wconf 85' lang='lat' dir='ltr'>scholastici</span> <span class='ocrx_word' id='word_1_111' title='bbox 542 2484 700 2555; x_wconf 92' lang='lat' dir='ltr'>hominis</span> <span class='ocrx_word' id='word_1_112' title='bbox 726 2486 931 2575; x_wconf 85' lang='lat' dir='ltr'>severitate,</span> <span class='ocrx_word' id='word_1_113' title='bbox 961 2489 1022 2584; x_wconf 92' lang='lat' dir='ltr'>qui</span> <span class='ocrx_word' id='word_1_114' title='bbox 1051 2488 1193 2560; x_wconf 87' lang='lat' dir='ltr'>nullum</span> 
     </span>
     <span class='ocr_line' id='line_1_19' title="bbox 185 2597 1195 2700; baseline -0.002 -27"><span class='ocrx_word' id='word_1_115' title='bbox 185 2616 392 2700; x_wconf 86' lang='lat' dir='ltr'>temporum</span> <span class='ocrx_word' id='word_1_116' title='bbox 411 2623 559 2669; x_wconf 87' lang='lat' dir='ltr'>suornm</span> <span class='ocrx_word' id='word_1_117' title='bbox 572 2597 696 2693; x_wconf 90' lang='lat' dir='ltr'>judicii</span> <span class='ocrx_word' id='word_1_118' title='bbox 716 2614 917 2696; x_wconf 86' lang='lat' dir='ltr'>respectum</span> <span class='ocrx_word' id='word_1_119' title='bbox 932 2598 1032 2689; x_wconf 88' lang='lat' dir='ltr'>facit,</span> <span class='ocrx_word' id='word_1_120' title='bbox 1049 2601 1195 2672; x_wconf 86' lang='lat' dir='ltr'>Cicero-</span> 
     </span>
     <span class='ocr_line' id='line_1_20' title="bbox 184 2710 1192 2815; baseline 0.002 -27"><span class='ocrx_word' id='word_1_121' title='bbox 184 2710 1192 2815; x_wconf 62' lang='lat' dir='ltr'>nianaetantummododoctrinaeamatorluissevideatnrg</span> 
     </span>
     <span class='ocr_line' id='line_1_21' title="bbox 184 2824 1191 2924; baseline 0.009 -26"><span class='ocrx_word' id='word_1_122' title='bbox 184 2826 283 2899; x_wconf 92' lang='lat' dir='ltr'>illinc</span> <span class='ocrx_word' id='word_1_123' title='bbox 316 2824 571 2923; x_wconf 86' lang='lat' dir='ltr'>Symmachus,</span> <span class='ocrx_word' id='word_1_124' title='bbox 607 2824 797 2895; x_wconf 88' lang='lat' dir='ltr'>Gallicanis</span> <span class='ocrx_word' id='word_1_125' title='bbox 834 2828 980 2924; x_wconf 89' lang='lat' dir='ltr'>pariter·</span> <span class='ocrx_word' id='word_1_126' title='bbox 999 2830 1191 2908; x_wconf 90' lang='lat' dir='ltr'>innutritus</span> 
     </span>
     <span class='ocr_line' id='line_1_22' title="bbox 186 2936 1187 3040; baseline 0.008 -28"><span class='ocrx_word' id='word_1_127' title='bbox 186 2939 330 3029; x_wconf 92' lang='lat' dir='ltr'>studiis,</span> <span class='ocrx_word' id='word_1_128' title='bbox 344 2938 407 3009; x_wconf 90' lang='lat' dir='ltr'>sed</span> <span class='ocrx_word' id='word_1_129' title='bbox 425 2937 574 3008; x_wconf 86' lang='lat' dir='ltr'>sorensis</span> <span class='ocrx_word' id='word_1_130' title='bbox 589 2937 668 3008; x_wconf 87' lang='lat' dir='ltr'>vitae</span> <span class='ocrx_word' id='word_1_131' title='bbox 680 2936 872 3035; x_wconf 85' lang='lat' dir='ltr'>splendore</span> <span class='ocrx_word' id='word_1_132' title='bbox 887 2954 922 3011; x_wconf 93' lang='lat' dir='ltr'>et</span> <span class='ocrx_word' id='word_1_133' title='bbox 937 2944 1187 3040; x_wconf 86' lang='lat' dir='ltr'>experimentis</span> 
     </span>
     <span class='ocr_line' id='line_1_23' title="bbox 186 3051 1187 3156; baseline 0.009 -30"><span class='ocrx_word' id='word_1_134' title='bbox 186 3053 356 3143; x_wconf 87' lang='lat' dir='ltr'>edoctus,</span> <span class='ocrx_word' id='word_1_135' title='bbox 372 3052 563 3153; x_wconf 89' lang='lat' dir='ltr'>sapienter,</span> <span class='ocrx_word' id='word_1_136' title='bbox 574 3051 815 3147; x_wconf 77' lang='lat' dir='ltr'>qnoatllicuit,</span> <span class='ocrx_word' id='word_1_137' title='bbox 827 3076 920 3124; x_wconf 86' lang='lat' dir='ltr'>sanae</span> <span class='ocrx_word' id='word_1_138' title='bbox 931 3055 968 3125; x_wconf 94' lang='lat' dir='ltr'>in</span> <span class='ocrx_word' id='word_1_139' title='bbox 982 3057 1187 3156; x_wconf 90' lang='lat' dir='ltr'>eloquendo</span> 
     </span>
     <span class='ocr_line' id='line_1_24' title="bbox 186 3167 1188 3266; baseline -0.001 -24"><span class='ocrx_word' id='word_1_140' title='bbox 186 3168 405 3266; x_wconf 86' lang='lat' dir='ltr'>antiquitatis</span> <span class='ocrx_word' id='word_1_141' title='bbox 423 3167 696 3238; x_wconf 85' lang='lat' dir='ltr'>admirationem</span> <span class='ocrx_word' id='word_1_142' title='bbox 711 3182 816 3263; x_wconf 88' lang='lat' dir='ltr'>atque</span> <span class='ocrx_word' id='word_1_143' title='bbox 832 3167 1081 3263; x_wconf 88' lang='lat' dir='ltr'>imitationem,</span> <span class='ocrx_word' id='word_1_144' title='bbox 1103 3202 1188 3250; x_wconf 90' lang='lat' dir='ltr'>cum</span> 
     </span>
     <span class='ocr_line' id='line_1_25' title="bbox 185 3278 1188 3378; baseline 0.007 -23"><span class='ocrx_word' id='word_1_145' title='bbox 185 3285 250 3356; x_wconf 86' lang='lat' dir='ltr'>aevi</span> <span class='ocrx_word' id='word_1_146' title='bbox 272 3282 328 3354; x_wconf 90' lang='lat' dir='ltr'>sui</span> <span class='ocrx_word' id='word_1_147' title='bbox 352 3283 388 3352; x_wconf 91' lang='lat' dir='ltr'>in</span> <span class='ocrx_word' id='word_1_148' title='bbox 418 3279 571 3351; x_wconf 90' lang='lat' dir='ltr'>dicendo</span> <span class='ocrx_word' id='word_1_149' title='bbox 600 3278 856 3378; x_wconf 92' lang='lat' dir='ltr'>loquendoque</span> <span class='ocrx_word' id='word_1_150' title='bbox 882 3281 1188 3362; x_wconf 89' lang='lat' dir='ltr'>immutationibus</span> 
     </span>
     <span class='ocr_line' id='line_1_26' title="bbox 186 3391 1185 3497; baseline 0.002 -29"><span class='ocrx_word' id='word_1_151' title='bbox 186 3395 422 3491; x_wconf 87' lang='lat' dir='ltr'>conjunxerit.</span> <span class='ocrx_word' id='word_1_152' title='bbox 444 3396 495 3463; x_wconf 86' lang='lat' dir='ltr'>Ex</span> <span class='ocrx_word' id='word_1_153' title='bbox 512 3417 585 3490; x_wconf 92' lang='lat' dir='ltr'>quo</span> <span class='ocrx_word' id='word_1_154' title='bbox 603 3391 644 3464; x_wconf 85' lang='lat' dir='ltr'>fit</span> <span class='ocrx_word' id='word_1_155' title='bbox 665 3408 705 3463; x_wconf 92' lang='lat' dir='ltr'>ut</span> <span class='ocrx_word' id='word_1_156' title='bbox 716 3397 758 3463; x_wconf 86' lang='lat' dir='ltr'>C.</span> <span class='ocrx_word' id='word_1_157' title='bbox 769 3397 799 3463; x_wconf 86' lang='lat' dir='ltr'>J.</span> <span class='ocrx_word' id='word_1_158' title='bbox 814 3394 949 3486; x_wconf 88' lang='lat' dir='ltr'>Victor,</span> <span class='ocrx_word' id='word_1_159' title='bbox 964 3421 1185 3497; x_wconf 82' lang='lat' dir='ltr'>quanquam,</span> 
     </span>
     <span class='ocr_line' id='line_1_27' title="bbox 187 3505 1187 3605; baseline 0.006 -26"><span class='ocrx_word' id='word_1_160' title='bbox 187 3519 223 3579; x_wconf 90' lang='lat' dir='ltr'>et</span> <span class='ocrx_word' id='word_1_161' title='bbox 231 3506 269 3577; x_wconf 93' lang='lat' dir='ltr'>in</span> <span class='ocrx_word' id='word_1_162' title='bbox 284 3520 361 3577; x_wconf 91' lang='lat' dir='ltr'>toto</span> <span class='ocrx_word' id='word_1_163' title='bbox 379 3531 501 3605; x_wconf 88' lang='lat' dir='ltr'>opere,</span> <span class='ocrx_word' id='word_1_164' title='bbox 518 3522 552 3577; x_wconf 89' lang='lat' dir='ltr'>et</span> <span class='ocrx_word' id='word_1_165' title='bbox 563 3507 599 3576; x_wconf 92' lang='lat' dir='ltr'>in</span> <span class='ocrx_word' id='word_1_166' title='bbox 609 3505 751 3577; x_wconf 92' lang='lat' dir='ltr'>duobus</span> <span class='ocrx_word' id='word_1_167' title='bbox 762 3505 893 3577; x_wconf 89' lang='lat' dir='ltr'>ultimis</span> <span class='ocrx_word' id='word_1_168' title='bbox 907 3506 953 3579; x_wconf 88' lang='lat' dir='ltr'>de</span> <span class='ocrx_word' id='word_1_169' title='bbox 969 3513 1187 3587; x_wconf 90' lang='lat' dir='ltr'>sermocina-</span> 
     </span>
     <span class='ocr_line' id='line_1_28' title="bbox 187 3618 1184 3723; baseline 0.004 -30"><span class='ocrx_word' id='word_1_170' title='bbox 187 3621 286 3693; x_wconf 87' lang='lat' dir='ltr'>tione</span> <span class='ocrx_word' id='word_1_171' title='bbox 309 3644 350 3692; x_wconf 91' lang='lat' dir='ltr'>ac</span> <span class='ocrx_word' id='word_1_172' title='bbox 373 3620 418 3692; x_wconf 93' lang='lat' dir='ltr'>de</span> <span class='ocrx_word' id='word_1_173' title='bbox 442 3618 599 3719; x_wconf 90' lang='lat' dir='ltr'>epistolis</span> <span class='ocrx_word' id='word_1_174' title='bbox 625 3618 815 3717; x_wconf 90' lang='lat' dir='ltr'>capitibus,</span> <span class='ocrx_word' id='word_1_175' title='bbox 838 3618 926 3689; x_wconf 91' lang='lat' dir='ltr'>nihil</span> <span class='ocrx_word' id='word_1_176' title='bbox 951 3620 1184 3723; x_wconf 87' lang='lat' dir='ltr'>plerumque,</span> 
     </span>
     <span class='ocr_line' id='line_1_29' title="bbox 187 3731 1187 3831; baseline 0.008 -27"><span class='ocrx_word' id='word_1_177' title='bbox 187 3734 254 3805; x_wconf 90' lang='lat' dir='ltr'>nisi</span> <span class='ocrx_word' id='word_1_178' title='bbox 281 3732 462 3805; x_wconf 89' lang='lat' dir='ltr'>sincerum</span> <span class='ocrx_word' id='word_1_179' title='bbox 482 3757 643 3830; x_wconf 88' lang='lat' dir='ltr'>sanoque</span> <span class='ocrx_word' id='word_1_180' title='bbox 657 3731 786 3831; x_wconf 22' lang='lat' dir='ltr'>judicii·</span> <span class='ocrx_word' id='word_1_181' title='bbox 798 3732 960 3803; x_wconf 87' lang='lat' dir='ltr'>examine</span> <span class='ocrx_word' id='word_1_182' title='bbox 979 3733 1187 3812; x_wconf 91' lang='lat' dir='ltr'>collaudan-</span> 
     </span>
     <span class='ocr_line' id='line_1_30' title="bbox 188 3846 1241 3946; baseline 0.008 -27"><span class='ocrx_word' id='word_1_183' title='bbox 188 3846 294 3939; x_wconf 91' lang='lat' dir='ltr'>dum,</span> <span class='ocrx_word' id='word_1_184' title='bbox 305 3849 436 3944; x_wconf 89' lang='lat' dir='ltr'>sapiat,</span> <span class='ocrx_word' id='word_1_185' title='bbox 456 3862 575 3919; x_wconf 90' lang='lat' dir='ltr'>tamen</span> <span class='ocrx_word' id='word_1_186' title='bbox 593 3846 683 3917; x_wconf 93' lang='lat' dir='ltr'>nihil</span> <span class='ocrx_word' id='word_1_187' title='bbox 700 3847 789 3937; x_wconf 85' lang='lat' dir='ltr'>lere,</span> <span class='ocrx_word' id='word_1_188' title='bbox 802 3861 842 3917; x_wconf 91' lang='lat' dir='ltr'>ut</span> <span class='ocrx_word' id='word_1_189' title='bbox 858 3872 949 3946; x_wconf 87' lang='lat' dir='ltr'>saepc</span> <span class='ocrx_word' id='word_1_190' title='bbox 966 3850 1189 3929; x_wconf 88' lang='lat' dir='ltr'>animadver·</span> <span class='ocrx_word' id='word_1_191' title='bbox 1218 3916 1241 3945; x_wconf 30' lang='grc'>.-</span> 
     </span>
     <span class='ocr_line' id='line_1_31' title="bbox 188 3959 1185 4063; baseline 0.008 -31"><span class='ocrx_word' id='word_1_192' title='bbox 188 3961 309 4052; x_wconf 90' lang='lat' dir='ltr'>timus,</span> <span class='ocrx_word' id='word_1_193' title='bbox 321 3986 392 4058; x_wconf 85' lang='lat' dir='ltr'>prae</span> <span class='ocrx_word' id='word_1_194' title='bbox 402 3959 660 4057; x_wconf 84' lang='lat' dir='ltr'>sclerat,quod</span> <span class='ocrx_word' id='word_1_195' title='bbox 670 3959 786 4031; x_wconf 83' lang='lat' dir='ltr'>saeculi</span> <span class='ocrx_word' id='word_1_196' title='bbox 798 3959 1021 4035; x_wconf 89' lang='lat' dir='ltr'>suimoreset</span> <span class='ocrx_word' id='word_1_197' title='bbox 1032 3964 1185 4063; x_wconf 86' lang='lat' dir='ltr'>ingenia,</span> 
     </span>
     <span class='ocr_line' id='line_1_32' title="bbox 188 4074 1192 4173; baseline 0.006 -27"><span class='ocrx_word' id='word_1_198' title='bbox 188 4089 223 4146; x_wconf 87' lang='lat' dir='ltr'>ct</span> <span class='ocrx_word' id='word_1_199' title='bbox 232 4076 267 4144; x_wconf 94' lang='lat' dir='ltr'>in</span> <span class='ocrx_word' id='word_1_200' title='bbox 277 4074 432 4146; x_wconf 89' lang='lat' dir='ltr'>dicendo</span> <span class='ocrx_word' id='word_1_201' title='bbox 442 4077 588 4146; x_wconf 88' lang='lat' dir='ltr'>virtutes</span> <span class='ocrx_word' id='word_1_202' title='bbox 597 4075 722 4146; x_wconf 80' lang='lat' dir='ltr'>etvitia</span> <span class='ocrx_word' id='word_1_203' title='bbox 732 4074 892 4146; x_wconf 88' lang='lat' dir='ltr'>enuntiet</span> <span class='ocrx_word' id='word_1_204' title='bbox 900 4098 943 4145; x_wconf 91' lang='lat' dir='ltr'>ac</span> <span class='ocrx_word' id='word_1_205' title='bbox 951 4078 1192 4173; x_wconf 65' lang='lat' dir='ltr'>peculiaribus,</span> 
     </span>
     <span class='ocr_line' id='line_1_33' title="bbox 189 4186 1184 4285; baseline 0.004 -26"><span class='ocrx_word' id='word_1_206' title='bbox 189 4187 404 4285; x_wconf 85' lang='lat' dir='ltr'>quibusdam</span> <span class='ocrx_word' id='word_1_207' title='bbox 433 4187 541 4283; x_wconf 87' lang='lat' dir='ltr'>signis</span> <span class='ocrx_word' id='word_1_208' title='bbox 571 4186 748 4284; x_wconf 86' lang='lat' dir='ltr'>designet;</span> <span class='ocrx_word' id='word_1_209' title='bbox 775 4187 1009 4284; x_wconf 87' lang='lat' dir='ltr'>Symmachus</span> <span class='ocrx_word' id='word_1_210' title='bbox 1042 4186 1184 4284; x_wconf 83' lang='lat' dir='ltr'>autem,</span> 
     </span>
    </p>
   </div>
   <div class='ocr_carea' id='block_1_2' title="bbox 0 0 1386 4928">
    <p class='ocr_par' dir='ltr' id='par_1_2' title="bbox 0 0 1386 4928">
     <span class='ocr_line' id='line_1_34' title="bbox 0 0 1386 4928; baseline 0 0"><span class='ocrx_word' id='word_1_211' title='bbox 0 0 1386 4928; x_wconf 95' lang='lat' dir='ltr'> </span> 
     </span>
    </p>
   </div>
  </div>
 </body>
</html>
