2738 4928
584 251 781 323 ..32-

178 426 259 502 quae
275 400 322 472 ad
334 399 524 473 sententias
544 400 738 490 attineant,
756 414 792 472 et
810 424 935 472 earum
951 399 1183 494 immodicos,

178 515 289 587 Fabio
312 528 476 603 auctore,
496 539 581 585 usus
598 514 727 586 merito
749 512 1021 612 vituperaverit,
1041 537 1117 586 non
1135 538 1187 589 sa·

177 629 291 729 pienti
307 627 356 698 illi
374 643 410 698 et
426 641 530 698 rectae
546 627 646 698 Fabii
663 626 822 723 ejusdem
838 625 1036 726 prudentiae
1052 626 1185 701 deinde

178 765 364 813 assensum
381 764 474 829 esse,
493 762 565 837 qua
581 738 640 812 ille
654 741 877 838 aliquatenus
895 765 992 812 novo
1010 741 1110 840 apud
1125 745 1187 814 La·

178 855 274 925 tinos
303 853 494 953 scriptores
523 856 779 926 sententiarum
810 855 931 951 generi
959 853 1150 927 indulserit
1161 859 1183 925 ¹.

179 970 298 1054 Quem
324 967 459 1065 ubique
491 968 686 1039 constantis
715 980 751 1039 et
782 967 923 1039 sibimet
955 969 1186 1066 temperantis

175 1080 301 1177 judicii
317 1079 468 1151 modum
485 1095 601 1152 servat
615 1079 868 1173 Quintilianus,
888 1081 1185 1180 quotiescumque

179 1193 301 1266 allatas
328 1194 540 1290 eloquentiae
571 1209 653 1293 post
685 1194 895 1265 Ciceronem
920 1193 1187 1266 immutationes

174 1308 361 1406 expendit,
380 1305 426 1379 ab
445 1333 489 1379 eo
503 1308 530 1378 si
548 1332 622 1378 non
641 1306 792 1379 discedit
812 1309 944 1399 Victor,
964 1333 1049 1380 eum
1069 1323 1185 1381 tamen

179 1422 312 1492 omittit
326 1435 361 1491 et
377 1420 553 1517 negligere
568 1419 722 1491 videtur.
744 1424 866 1517 ltaque
882 1445 996 1518 quum
1013 1420 1187 1494 declama·

177 1533 295 1605 tiones
320 1535 448 1631 quinto
475 1547 510 1604 et
531 1533 702 1604 vicesimo
722 1533 804 1605 libri
826 1534 959 1632 capite,
987 1534 1186 1607 seeundum

178 1647 390 1734 Quintiliani
409 1660 603 1743 praecepta,
623 1671 732 1743 qnam
749 1647 944 1719 simillimas
958 1649 1101 1720 veritati
1113 1673 1186 1721 esse

175 1755 315 1853 juhet¹,
335 1770 452 1829 totum
473 1757 509 1827 in
528 1781 572 1828 co
589 1757 767 1827 intentum
790 1781 866 1829 esse
890 1759 1074 1831 Victorem
1091 1759 1187 1832 dicas

179 1884 220 1941 ut
236 1869 538 1942 declamationum
555 1870 640 1942 vitia
660 1869 897 1965 demonstret,
920 1895 1049 1971 parum
1066 1887 1186 1944 autem

178 2009 305 2057 curare
334 1999 373 2055 ut
401 1983 543 2054 illarum
568 1980 754 2056 utilitatem
781 1985 1023 2058 commendet.
1054 1990 1187 2059 Contra

178 2097 435 2188 Quintilianus,
463 2112 655 2194 postquam
672 2123 764 2195 saepe
780 2098 861 2169 illos
877 2096 1109 2197 reprehendit
1126 2099 1185 2197 qui

178 2209 455 2281 declamationes
464 2211 666 2307 corruptius
677 2211 922 2282 delectationis
933 2211 1185 2284 tantummodo

177 2346 284 2394 cansa
298 2322 502 2410 decantant,
517 2347 590 2414 eas,
602 2325 632 2394 si
644 2337 739 2394 recte
753 2323 1003 2417 adhibeantur,
1017 2350 1186 2398 consum-

178 2449 277 2506 mato
289 2436 397 2506 etiam
413 2437 547 2506 oratori
565 2436 768 2508 utilissimas
780 2461 856 2511 esse
870 2436 1072 2535 profitetur.
1088 2468 1108 2507 n
1121 2437 1186 2511 ati-

178 2561 238 2619 tur
249 2549 359 2641 enim,
372 2550 453 2641 ait⁸,
468 2565 575 2647 atque
588 2551 761 2642 enitescit,
777 2549 875 2622 velut
887 2549 1022 2648 pabulo
1034 2550 1181 2644 laetiore,

178 2659 364 2755 facundia,
384 2676 418 2735 et
441 2662 583 2734 assidua
603 2662 877 2734 contentionum
900 2662 1091 2761 asperitate
1107 2663 1184 2736 fati·

178 2789 256 2870 gata
275 2791 480 2847 renovatur.
503 2806 520 2840 »
958 2818 960 2822 2

225 2892 304 2962 Jam
318 2914 433 2987 prope
448 2888 494 2959 ad
506 2887 671 2960 secundae
682 2888 791 2958 trium
808 2887 963 2986 partium
978 2887 1091 2960 finem
1104 2912 1184 2988 per·

177 3003 273 3092 veni,
292 3003 415 3098 inqua
432 3001 521 3072 mihi
537 3003 834 3100 praescripseram,
852 3014 891 3072 ut
908 3000 1074 3098 quaedam
1087 3028 1130 3074 ex
1143 3001 1183 3072 iis

177 3111 394 3208 inquirerem
413 3138 493 3210 quae
517 3114 553 3183 in
577 3115 679 3212 pejus
703 3116 889 3185 immutata
908 3115 1033 3184 Victor
1048 3139 1070 3185 e
1086 3115 1185 3187 Cice-

177 3248 265 3295 rone
282 3241 316 3296 et
330 3226 553 3313 Quintiliano
575 3227 691 3296 traxit.
713 3226 799 3296 Mihi
816 3240 953 3319 tamen,
972 3229 1183 3325 priusquam

176 3337 247 3410 alio
257 3363 315 3409 me
326 3351 547 3428 convertam,
562 3337 714 3434 adjicere
725 3338 963 3437 paucaliceat.
973 3340 1014 3411 ld
1023 3341 1183 3438 primum

176 3475 249 3522 non
268 3451 392 3523 inutile
409 3450 506 3522 dictu
522 3449 677 3543 videtur,
692 3452 875 3523 Victorem
890 3452 1036 3523 fortasse
1052 3468 1089 3524 et
1104 3476 1181 3524 sen·

175 3564 368 3636 tentiarum
384 3579 419 3636 et
440 3561 744 3636 declamationum
766 3578 801 3636 et
821 3579 1021 3637 ceterarum
1042 3565 1081 3635 in
1108 3563 1184 3636 elo·

216 3851 244 3907 r.
268 3845 503 3918 Quinn1.‚vrn,
520 3850 556 3918 s,
572 3849 679 3907 sa-at.

215 3940 246 3997 a.
268 3940 300 3996 c.
318 3939 346 3994 J.
361 3936 449 4008 vict,
465 3955 495 4014 p.
508 3940 577 3999 119.

216 4031 244 4088 a.
269 4025 402 4102 Quintil,
424 4029 469 4098 x,
495 4029 532 4099 s,
549 4030 599 4088 rt.
