2738 4928
577 345 724 420 -tat
748 384 799 402 -·

188 493 286 587 idem
299 507 459 594 usurpat,
478 507 530 567 tot
542 492 644 569 aliis
607 509 753 599 Junota
762 497 983 597 testimoniis,
993 504 1114 594 Gallos
1130 504 1185 597 di·

185 594 293 712 cendi
309 609 514 710 magistros
511 624 547 681 et
561 634 602 680 οι
603 624 721 682 atores
736 612 821 683 satis
837 628 975 688 constat
992 617 1071 714 plus
1083 643 1187 715 aequo

186 698 361 831 grandem
370 720 723 820 magniloquentiam,
735 749 776 796 ac
784 750 936 799 nimium
947 754 984 800 m
992 727 1193 805 verborum.

185 850 361 939 apparatu
373 835 508 908 cultum
523 834 714 908 affectasse.
734 840 857 935 ltaque
872 838 919 915 ad
928 839 1049 933 Gallos
1063 868 1188 935 omnes

187 949 337 1037 consilia
353 948 533 1021 transferri
548 963 711 1047 possunt,
733 975 811 1047 quae
826 952 1024 1027 immodico
1041 955 1187 1031 forsitan

187 1038 356 1165 dictionis
372 1062 567 1165 figurarum
580 1061 666 1134 luxu
678 1079 838 1152 onerata,
860 1065 906 1136 ad
919 1068 1099 1140 Rusticum
1112 1095 1190 1142 mo·

180 1154 345 1277 ⁸nacqu
335 1175 600 1277 Hieronymus
615 1174 811 1247 mittebat¹.
825 1205 842 1244 ιι
839 1177 1004 1273 Audio,'
995 1183 1124 1278 inquit,
1136 1207 1190 1255 re·

184 1266 350 1391 ligiosam
366 1289 500 1365 habere
516 1303 552 1362 te
566 1303 716 1360 matrem
732 1314 811 1386 qnae
823 1288 923 1378 aluit,
943 1317 1021 1389 quae
1035 1294 1190 1366 erudivit

187 1405 375 1503 infantem,
390 1428 432 1475 ao
443 1416 525 1503 post
540 1401 659 1475 studia
668 1401 862 1490 Galliarum
867 1429 1000 1501 ,quae
985 1403 1041 1476 vel
1058 1406 1190 1479 floren·

187 1517 324 1613 tissima
344 1531 444 1602 sunt,
469 1515 564 1587 misit
582 1518 750 1605 Romam,
777 1531 816 1586 ut
841 1515 1041 1589 ubertatem
1064 1519 1190 1592 Gallici

187 1631 414 1727 nitoremque
440 1628 615 1700 sermonis
643 1628 795 1725 gravitas
821 1631 980 1702 Romana
1007 1629 1187 1724 condiret,

188 1732 257 1817 nec
273 1741 469 1815 calcaribus
485 1741 522 1812 in
539 1756 591 1831 te,
614 1740 679 1813 sed
700 1739 808 1811 frenis
829 1756 1009 1834 uteretnr;
1033 1745 1134 1842 quod
1155 1761 1192 1818 et

188 1855 483 1955 iufldisertissimis
499 1854 583 1925 viris
598 1851 917 1949 Graeciaelegimus,
943 1857 1005 1952 qui
1022 1858 1189 1929 Asianum

188 1985 369 2055 tumorem
390 1968 504 2041 Attico
522 1965 704 2039 siccabant
725 1965 814 2054 sale,
833 1982 869 2038 et
890 1965 1107 2040 luxuriantes
1123 1970 1189 2041 fla·

189 2082 288 2183 gellis
314 2084 434 2155 vineas
458 2079 607 2154 falcibus
629 2077 888 2178 reprimebant,
916 2096 956 2153 ut
979 2081 1191 2180 eloquentia

189 2196 391 2289 torcularia,
410 2221 485 2267 non
503 2195 696 2274 verborum
712 2193 904 2293 pampinis,
924 2194 989 2265 sed
1001 2220 1188 2286 sensuum,

175 2302 291 2406 ‘quasi
309 2333 458 2381 uvarum
475 2305 763 2406 expressionibus
779 2306 1037 2381 redundarent.
1055 2338 1074 2377 n

237 2422 301 2493 llis
313 2421 484 2495 omnibus
494 2420 637 2492 Gallicae
649 2418 862 2516 eloquentiae
875 2419 984 2492 veluti
993 2423 1192 2519 insignibus

190 2534 299 2624 notis,
319 2535 411 2605 inter
424 2534 570 2605 Ausonii
584 2557 694 2632 opera
712 2531 812 2602 facile
827 2531 1049 2629 colligendis,
1066 2535 1133 2607 alia
1145 2537 1192 2608 de

190 2646 260 2721 bac
276 2646 403 2739 eadem
423 2672 461 2719 re
473 2645 642 2742 subjungi
658 2645 789 2717 indicia
806 2660 970 2744 possunt,
988 2647 1116 2742 linguae
1128 2653 1192 2733 soi·

189 2759 273 2839 licet
283 2761 460 2856 etiugcnii
471 2759 644 2849 celeritas,
656 2774 691 2831 et
696 2758 862 2854 jocorum
872 2761 1113 2852 amoenitas,et
1122 2763 1192 2832 dis-

190 2875 345 2972 putatrix
366 2874 545 2964 facundia,
563 2897 642 2970 quae
658 2885 820 2968 argutam
837 2870 932 2942 illam
952 2872 1191 2945 elocutionem

190 2984 298 3058 refert
314 3012 445 3083 quam,
464 2986 624 3057 Clrarisio
654 3001 763 3073 teste,
782 2985 992 3055 Censorium
1017 2990 1191 3058 Catonem

190 3210 250 3285 lici
276 3238 312 3285 tv
339 3212 467 3284 saeculo
494 3211 673 3308 magistri,
700 3209 946 3307 grammatices
975 3225 1010 3281 et
1036 3184 1192 3282 fristoriae

191 3326 461 3422 etantiquitatis
478 3327 596 3397 omnis
613 3328 794 3414 Romanae,
814 3337 849 3392 et
873 3324 1191 3418 vetustissimarum

180 3424 287 3534 'apud
306 3439 450 3509 Latinos
464 3439 659 3511 litterarum
670 3433 928 3532 diligentissimi
947 3432 1052 3504 fuisse
1074 3436 1191 3505 inves-

190 3548 358 3645 tigatores
376 3552 554 3622 videntur.
574 3555 646 3622 Nec
659 3548 778 3618 minus
794 3546 937 3618 interim
960 3545 1100 3618 assidua
1116 3561 1193 3618 erat

190 3662 289 3760 apud
306 3677 448 3734 nostros
464 3663 630 3735 homines
646 3662 821 3735 sermonis
843 3660 953 3757 quieti
970 3659 1192 3758 jucundique
1272 3707 1275 3713 -

192 3775 410 3874 exercitatio,
429 3801 513 3847 cum
535 3775 708 3875 frequenti
724 3772 985 3848 consuetudine
1002 3775 1193 3871 conjuncta

233 4003 261 4087 l‘.
281 4024 504 4102 D.llie'ronyrn.
517 4024 624 4098 Epist,
637 4039 705 4082 xcv.

235 4118 265 4177 Ξ.
289 4115 363 4174 Vide
375 4135 406 4194 p.
421 4117 490 4174 tta.
