2738 4928
545 323 796 412 '-39-

247 491 329 559 Haeo
346 483 515 583 equidem
540 488 719 586 praecipua
744 490 781 559 in
809 489 952 561 Victore
965 491 1202 565 occurrebant

196 624 374 697 quaecum
391 599 575 672 Ciceronis
592 615 628 673 et
644 601 854 689 Quintiliani
877 600 965 673 locis
986 601 1202 698 quibusdam

197 715 412 807 conferrem,
430 739 506 785 non
523 730 563 786 ut
576 716 760 813 utriusque
780 716 1051 812 quodammodo
1068 720 1202 789 exami-

197 827 336 900 nandas
352 829 498 899 virtutes
514 827 681 899 librarem
697 854 780 899 cum
797 829 922 924 exigua
937 851 979 899 ac
995 854 1095 925 paene
1105 829 1204 902 nulla

197 940 311 1038 ignoti
332 938 527 1013 Galliarum
548 940 702 1012 rhetoris
718 941 894 1032 facultate,
913 939 976 1010 sed
995 953 1033 1009 ut
1055 939 1200 1034 melius,

199 1077 243 1124 ex
260 1053 337 1151 ipsa
353 1066 427 1125 tam
444 1053 668 1126 diversorum
684 1052 860 1123 librorum
877 1051 1081 1145 collatione,
1100 1078 1204 1125 com-

197 1166 323 1263 pendii
348 1166 458 1260 illius,
478 1167 579 1266 quod
602 1163 799 1265 dijudicare
824 1165 1054 1257 tentavimus,
1074 1177 1203 1238 natura

199 1288 234 1348 et
246 1277 298 1348 vis
312 1277 486 1352 existeret.

250 1393 433 1475 Quorsum
464 1415 551 1462 vero
580 1389 655 1461 haeo
682 1402 804 1461 nostra
831 1389 876 1460 de
902 1389 1046 1459 Victore
1080 1387 1204 1485 opinio

199 1503 363 1600 spectat?
380 1507 488 1595 Num,
507 1528 566 1596 eo,
587 1518 628 1574 ut
642 1502 861 1576 affirmemus
885 1500 976 1573 nihil
996 1501 1035 1571 in
1056 1499 1120 1572 illo
1141 1499 1205 1572 ali·

199 1639 272 1712 qua
297 1615 409 1687 animi
426 1617 627 1689 intentione
648 1617 818 1714 dignum,
837 1617 911 1687 sive
928 1613 1113 1707 laudetur,
1132 1613 1204 1685 sire

198 1729 438 1826 vituperetur,
461 1730 551 1801 nihil
577 1754 714 1801 norum
727 1786 736 1819 ,
751 1727 845 1799 nihil
870 1726 1095 1817 inauditum,
1114 1723 1205 1795 nihil

199 1841 285 1912 utile
301 1843 441 1914 inesse?
460 1848 580 1939 Longe
596 1841 667 1914 alia
682 1865 762 1914 mea
778 1839 929 1938 quidem
944 1838 1119 1910 sententia
1136 1850 1202 1908 est.

199 1956 291 2024 Nam
317 1968 358 2025 ut
376 1978 479 2051 paene
505 1953 818 2026 ssooeffaoiondum
837 1976 915 2024 esse
932 1952 1207 2021 Victoris'oorn·

177 2065 377 2162 furentium
386 2067 512 2157 fateor,
527 2091 601 2165 prae
609 2066 864 2164 copiosissimis
875 2064 944 2135 illis
955 2063 1055 2133 Fabii
1068 2085 1109 2132 ae
1119 2081 1211 2158 prae-

202 2177 323 2248 sertim
330 2178 510 2250 Cioeronis
518 2179 564 2251 de
571 2178 775 2276 eloquentia
784 2175 967 2274 operibus3
976 2174 1039 2263 ita,
1049 2174 1079 2244 si
1089 2173 1207 2271 ipsum

200 2315 268 2388 per
285 2316 324 2363 se
340 2293 618 2391 introspiciatur,
630 2306 745 2391 atque
764 2291 863 2364 omni
873 2314 915 2361 ex
933 2302 1033 2387 parte
1047 2287 1154 2383 hujus
1170 2296 1207 2358 et

199 2405 346 2478 uirtutes
357 2421 393 2478 et
404 2407 488 2479 vitia
500 2421 535 2478 et
546 2426 644 2478 exeo
657 2404 787 2477 diversi
804 2402 941 2501 generis
957 2398 1207 2500 perspicienda

200 2519 394 2592 commoda
409 2536 621 2618 pensentur,
641 2519 789 2591 minime
812 2517 850 2590 id
866 2513 1173 2589 contemnendum
1192 2568 1205 2606 ,

200 2635 363 2730 quamvis
374 2634 515 2706 aridum
530 2635 575 2705 sit
590 2646 626 2703 et
641 2632 744 2722 exile,
755 2645 792 2704 et
806 2629 959 2703 fecunda
973 2629 1073 2702 omni
1089 2628 1207 2722 singu·

200 2747 317 2819 larum
333 2771 454 2820 rerum
468 2746 718 2845 explanatione
734 2758 866 2838 careat,
883 2743 1052 2815 arbinor.
