2738 4928
175 383 200 450 θ

557 448 562 456 1
610 367 661 411 ”-·
685 352 755 429 ’103
780 397 829 414 -

220 500 1214 607 quavarietasrernm,qua'ma‘gni'tudo,largissimesup

218 617 374 719 petebat.
395 622 466 690 Nos
487 640 593 715 quam
619 620 778 714 'angustis
792 620 961 690 ¹terminis
978 621 1212 714 claudamur,

217 734 327 806 eliam
355 748 495 806 tacente
517 758 593 822 me,
618 733 817 831 perspicis:
846 734 911 803 nisi
928 732 1029 806 ¹sorte
1053 735 1226 837 uolumus

218 845 447 920 scholasticas
475 843 538 915 tibi
567 860 673 942 atque
687 847 764 940 1(ut
773 844 827 915 'lta
844 840 985 942 dicam)
1004 846 1219 918 umbraticas
1238 932 1250 947 ι

216 956 523 1031 litterasrnittere.
539 986 557 1025 n
575 961 653 1028 Non
669 955 767 1054 quod
779 963 1101 1056 ¹nonnunquamin
1118 958 1221 1030 Plinii

220 1068 397 1169 ‘epistolis¹
415 1068 994 1167 quaedamnon'occurrantlsicut
1011 1072 1167 1169 epistolae
1183 1072 1221 1142 in

218 1182 351 1282 quibus
363 1198 483 1253 narrat
496 1185 687 1280 quomodo·
697 1200 759 1255 aut
774 1185 851 1282 ipse
866 1178 1072 1257 autl'acltus
1088 1187 1222 1257 amicus

217 1316 342 1369 causas
360 1296 737 1393 quasdam,·qnantum
753 1313 916 1395 tempora
932 1296 1114 1387 sinebant,
1135 1299 1222 1371 cele·

218 1408 463 1506 bresegerint,
477 1410 644 1505 ant'quid
661 1410 698 1479 in
708 1408 807 1481 uillis
819 1412 1006 1482 rusticans
1019 1410 1082 1482 otii
1091 1412 1218 1508 cupiat,

218 1535 280 1596 aut
303 1537 440 1619 quanto
468 1522 585 1592 studio
601 1521 847 1594 litteratorum
874 1524 1025 1596 circulos
1052 1515 1094 1595 et
1115 1539 1222 1595 vanas

217 1636 445 1707 recitationes
460 1633 727 1732 amplectatur),
745 1658 822 1732 qnae
836 1638 1031 1708 consularis
1049 1637 1219 1728 hominis,

216 1764 263 1820 ea
285 1761 398 1839 aetate,
429 1747 536 1818 vitam
564 1762 599 1818 et
616 1746 867 1819 'conditionem
891 1766 925 1821 et
949 1748 1173 1846 dignitatem,
1194 1753 1223 1822 si

219 1880 304 1933 unm
320 1859 498 1932 veteribus
518 1860 703 1952 conferaS,
728 1861 953 1958 singulariter
967 1865 1219 1956 imminutam,

216 1974 402 2046 seussime
440 1973 646 2070 depingant.
679 1975 748 2044 Sed
781 1976 868 2071 quid
911 1979 1032 2047 omnia
1066 1977 1159 2067 lraec,
1195 1978 1224 2046 si

216 2086 355 2181 'cogites
372 2085 417 2155 de
434 2086 613 2156 Ciceronis
627 2085 771 2180 iugenio
790 2088 971 2184 proposita
985 2087 1096 2158 libera
1113 2102 1147 2157 et
1163 2111 1224 2159 na-

217 2197 326 2269 turali
342 2213 378 2268 et
395 2197 527 2294 ampla,
541 2213 575 2269 et
589 2196 1043 2288 omnilms'modisvariata,
1063 2213 1099 2269 et
1110 2219 1224 2297 prope

216 2310 372 2411 infinita,
386 2313 422 2381 iu
438 2311 595 2408 epistolis
610 2311 1105 2410 scribenditottautasqueres
1120 2310 1224 2383 lacul-

215 2420 493 2497 tatelnbunde
509 2426 615 2521 igitur
633 2448 747 2521 quum
764 2427 925 2524 plurimis
941 2425 986 2497 de
1002 2424 1128 2516 causis,
1148 2441 1225 2495 turn

218 2538 398 2636 praecipue
413 2553 562 2636 propter
587 2539 708 2609 omnia
728 2564 768 2609 ea
788 2560 865 2635 quae
889 2536 1222 2630 nuncindicamns,

220 2652 377 2723 rationes
406 2667 623 2750 suppetunt,
656 2676 720 2722 cur
757 2653 967 2722 Ciceronem
998 2654 1032 2720 in
1067 2651 1224 2748 epistolis

220 2765 490 2836 conscribendis
520 2766 668 2835 unicum
695 2766 873 2862 exemplar
894 2766 1018 2836 Victor
1034 2763 1220 2856 habuerit,

220 2896 361 2975 suoque
380 2878 527 2949 alumno
544 2877 724 2974 (quisquis
747 2877 813 2947 luit
836 2876 913 2973 ille)
932 2877 1166 2974 proposuerit.
1188 2878 1224 2948 Si

220 2996 300 3062 re'm
330 2991 426 3062 enim
449 2992 636 3088 diligenter
660 3014 702 3061 ac
720 2990 861 3086 penitus
885 2989 1094 3077 excusseris,
1108 3006 1224 3088 'prop-

223 3117 319 3174 terea
338 3105 519 3174 Victorem
544 3102 716 3198 intelliges
736 3102 823 3171 nulli
846 3102 1076 3199 epistolarum
1093 3099 1225 3171 collec-

222 3218 334 3306 tioni,
352 3233 433 3315 post
445 3219 625 3288 Ciceronis
640 3216 805 3315 epistolas
822 3231 856 3286 et
874 3231 1050 3312 tempora,
1069 3239 1225 3284 comme·

224 3333 408 3404 morandae
423 3314 647 3421 incubuisse,
664 3331 763 3428 quod
778 3354 891 3427 prope
910 3354 1047 3416 omnes,
1068 3342 1106 3396 nt
1123 3327 1224 3396 Plinii

224 3445 380 3514 Junioris
404 3444 512 3515 verba
529 3444 696 3532 reseram,
717 3441 806 3511 uilril
823 3465 996 3538 persaepe,
1013 3453 1138 3535 praeter
1156 3464 1223 3534 pu-

220 3555 333 3628 sblicas
353 3559 555 3655 principum
578 3572 614 3627 et
630 3557 896 3650 magistratuum
913 3553 1066 3639 litteras,
1083 3550 1225 3621 luerunt

223 3671 293 3741 nisi
310 3671 530 3740 scholasticae
547 3685 652 3766 atque
667 3662 1161 3763 umbrat-icaequodammodo
1176 3662 1225 3734 ¹de

224 3781 410 3854 levissimis
427 3783 533 3854 rebus
549 3797 610 3853 aut
639 3807 658 3853 a
685 3781 868 3852 communi
895 3793 959 3850 usu
985 3775 1147 3864 remotiS,
1167 3775 1225 3846 vel

225 3896 504 3967 tractatiuncnlae
533 3893 833 3993 convenustandae
867 3891 1076 3964 elocutionis
1116 3889 1225 3986 gratia

228 4129 231 4135 ‘
266 4128 297 4186 1.
318 4128 351 4188 C.
367 4124 552 4203 'Pnnsnptra
569 4122 697 4205 passim.'
745 4147 747 4152 ·
768 4137 770 4145 '
