2738 4928
677 322 740 390 ·.··.··.
763 286 811 404 is
836 366 885 386 .-

287 479 365 555 teor
375 498 436 556 aut
451 477 545 574 raro,
560 498 621 555 aut
631 476 829 581 nunquam,
849 481 894 553 ad
907 472 1112 554 Graecorum
1126 474 1288 582 ipsorum

285 597 524 692 voluminum,
543 623 622 695 quoe
644 591 776 696 passim
794 597 830 668 in
849 589 960 695 opere
977 622 1043 669 suo
1065 612 1288 671 commemo·

286 726 352 802 rat,
375 711 538 783 intimam
566 711 883 809 perscrutationem
913 725 950 782 et
973 700 1156 783 assiduum
1184 737 1289 784 rasum

286 823 503 896 descendere
520 825 647 896 solere.
663 826 733 911 Qui
748 823 909 895 familiari
926 824 1187 896 consuetudine
1206 849 1289 897 cum

286 934 484 1009 veterrimis
513 941 634 1009 Romae
666 935 869 1008 oratoribus
895 937 1028 1007 versari
1061 936 1220 1030 videtur,
1245 962 1289 1010 eo

286 1048 432 1122 fortasse
446 1051 544 1149 apud
559 1050 691 1122 Gallias
703 1049 834 1121 dilluso
848 1049 985 1144 antiqui
997 1048 1094 1146 apud
1110 1037 1290 1123 Romanos

288 1161 430 1235 dicendi
444 1160 583 1262 generis
600 1189 722 1236 amore
737 1156 874 1262 captus,
890 1187 963 1259 quo
977 1177 1164 1261 tantopere
1178 1167 1291 1251 Quin„

288 1273 411 1367 tiliani,
433 1276 551 1365 Gellii,
571 1276 744 1347 Macrobii
756 1275 908 1372 aequales
922 1274 1057 1371 aliquot
1067 1265 1288 1367 exarserunt,

287 1388 315 1458 is
339 1390 475 1461 etiamsi
499 1390 687 1487 complura
709 1393 916 1460 Graecorum
939 1376 1087 1459 nomina
1106 1401 1141 1460 et
1162 1376 1290 1485 scripta

285 1499 345 1571 hic
364 1500 436 1573 illic
453 1503 584 1575 inserat
596 1506 619 1593 ¹,
637 1501 889 1574 Demosthenis
906 1500 1074 1572 adversus
1098 1500 1289 1572 Androtio-

287 1639 385 1705 nem,
411 1614 586 1686 AEschinis
611 1616 781 1687 adversus
805 1614 1093 1712 Ctesiphontem,
1121 1615 1287 1707 Socratis,

288 1728 494 1818 Aristotelia,
504 1727 740 1825 Theophrasti
753 1741 788 1799 et
801 1727 969 1817 aliorum,
985 1751 1024 1798 ea
1035 1741 1170 1814 tamen,
1180 1728 1290 1823 magis

287 1836 496 1907 Latinorum
529 1850 717 1907 auctorum
752 1834 823 1906 fide
858 1849 893 1904 et
922 1836 1127 1906 testimonio
1154 1835 1287 1928 ,ir-etus,

288 1973 397 2045 quam
420 1950 494 2045 ipse
516 1952 722 2020 Graecorum
741 1947 916 2018 librorum
943 1947 1093 2019 lectione
1117 1947 1287 2037 imbutus,

288 2061 397 2133 veluti
416 2061 578 2160 exempla
590 2061 782 2157 subjunxit.
800 2067 842 2131 Et
859 2063 949 2132 sicut
962 2061 1036 2155 jam
1051 2076 1154 2132 autea
1167 2060 1289 2132 obser·-

288 2177 466 2245 vavimus²
483 2175 678 2271 quamdam
697 2173 914 2245 inductionis
941 2173 1106 2265 sormam,
1128 2199 1148 2244 e
1170 2173 1289 2271 lepido

289 2288 460 2359 Socratici
476 2287 652 2360 AEschinis
669 2312 835 2357 sermone
854 2286 1011 2376 ductam,
1028 2312 1102 2357 nort
1119 2285 1166 2358 al)
1181 2286 1289 2384 ipsius

290 2401 465 2471 AEschiuis
488 2401 585 2471 sonte
601 2400 771 2490 hausisse,
789 2401 850 2470 sed
869 2426 888 2471 a
907 2401 1025 2498 primo
1042 2401 1227 2471 Ciceronis
1248 2401 1290 2471 de

290 2517 500 2586 Inventione
532 2514 626 2585 libro
659 2514 854 2585 derivatam
889 2515 928 2585 iu
960 2539 1065 2584 suum
1098 2539 1190 2612 opus
1221 2527 1289 2583 tm·

290 2628 432 2700 dux-isse
458 2629 661 2719 Victorem3
690 2628 740 2698 sic
762 2627 817 2724 (ut
844 2627 914 2698 hoo
938 2626 1168 2699 solummodo
1199 2625 1289 2697 desi·

290 2741 523 2836 gnandoloco
536 2742 696 2812 contenti
707 2739 832 2836 simus)
844 2765 955 2836 quum
968 2740 1090 2811 Victor
1099 2738 1290 2811 Aristotelis

290 2854 453 2950 quaedam
474 2869 535 2924 aut
556 2854 601 2924 ab
625 2853 804 2950 exemplo,
829 2867 890 2924 aut
912 2879 932 2924 a
956 2852 1139 2950 parabola,
1161 2866 1222 2923 aut
1247 2851 1290 2921 ab

290 2969 554 3063 enthymemate
576 2968 867 3066 paradigmatico,
887 2981 948 3037 aut
967 2966 1012 3037 ab
1031 2966 1199 3065 apologo,
1219 2965 1289 3036 cxi·

290 3081 381 3170 liter,
401 3095 440 3149 ut
460 3079 562 3167 solet,
582 3079 689 3151 ducta
713 3081 938 3176 proposuit³,
960 3079 1035 3150 lraec
1053 3104 1127 3150 non
1147 3078 1193 3149 uh
1211 3078 1290 3147 inti·

290 3195 371 3278 mis,
392 3207 431 3262 ut
449 3194 498 3264 ita
515 3192 646 3280 dicam,
667 3191 861 3263 Aristotelis
876 3194 887 3228 ⁸
902 3192 1099 3263 Rhetoricis
1123 3192 1287 3280 extraxit3

290 3304 353 3377 sed
378 3329 443 3403 per
466 3303 701 3391 Quintiliani⁸
721 3327 843 3400 opem,
872 3327 986 3398 pauca
1002 3302 1226 3400 aliquatenus
1249 3327 1290 3372 ex

330 3676 359 3730 t.
384 3670 632 3746 C.J.Vict.‚cap.
647 3670 789 3743 v1,l,p.
802 3667 933 3742 3030ap.
948 3668 1084 3743 v1,l,p.
1097 3669 1288 3744 4230ap.1x‚

290 3782 320 3841 p.
339 3765 394 3834 643
409 3781 472 3840 cap.
491 3781 544 3830 xv,
560 3781 590 3838 p.
606 3762 643 3816 at
655 3780 664 3831 ;
677 3776 741 3834 cap.
757 3774 846 3825 xxiv,
862 3774 892 3832 p.
907 3759 975 3815 tte.

291 3843 293 3851 ’
331 3855 360 3913 2.
385 3851 457 3909 Vide
471 3869 558 3928 supra
574 3869 603 3927 p.
619 3852 668 3908 28.

330 3944 359 4002 3.
384 3944 416 4000 C.
432 3943 459 4001 J.
472 3941 560 4011 Vter,
575 3959 640 4018 cap.
653 3958 700 4010 v1,
714 3940 748 4009 l,
764 3956 794 4014 p.
811 3938 865 4004 t7;
881 3953 945 4012 cap.
961 3954 1010 4006 xi,
1026 3955 1056 4014 p.
1073 3937 1177 3995 68-69,
1219 4012 1223 4016 ³

330 4035 358 4091 l.
384 4031 501 4091 Aristot.
518 4031 644 4100 Illtetor„
660 4032 692 4097 1,
710 4031 745 4097 2,
758 4024 781 4106 S
792 4028 820 4084 8.
837 4026 953 4094 11‚20‚
968 4021 1065 4102 §ld

331 4125 359 4184 5.
381 4120 514 4196 Quintil,
529 4123 569 4189 V,
585 4138 649 4197 cap.
666 4114 790 4196 11,§8;
804 4117 847 4186 V,
867 4117 897 4186 Ξ,
913 4116 1016 4174 itt-aa.
1085 4143 1087 4148 2
