2738 4928
570 280 792 377 -444-

177 426 364 551 cebantur,
380 453 458 529 quae
471 442 534 501 aut
548 427 593 500 de
611 427 806 520 stillicidiis,
825 441 887 500 aut
904 425 949 500 de
966 428 1102 527 privata
1116 427 1183 507 ali·

177 517 250 645 q'i'ra
256 536 364 641 apud
378 541 583 643 pedaneum
596 542 769 638 judicem,
789 557 830 614 ut
844 543 949 614 aitC.
968 543 1080 615 Julius
1099 545 1183 619 Vio-

178 654 270 747 torl,
290 671 327 727 et
340 656 387 728 ad
401 656 711 727 sermocinationis
724 656 840 726 vicem
859 655 1027 753 depressa
1043 659 1184 731 actione

178 752 391 858 4444444444,
411 769 467 840 vel
479 768 526 840 ad
543 793 652 841 vanas
665 768 877 866 plerumque
889 768 965 840 illas
979 785 1016 842 et
1031 769 1184 844 humiles

179 884 328 954 Petrum
356 884 650 981 Conscriptorum
673 880 946 953 deliberationes
971 884 1186 958 revocaban-

180 1009 253 1087 tur,
273 993 403 1093 quibus
422 995 552 1065 frustra
567 992 777 1090 dignitatem
795 1008 830 1065 et
847 995 1085 1092 praestantiam
1096 997 1187 1092 jam.

179 1104 323 1193 ⁸dudum
341 1105 542 1178 obsoletam
555 1131 730 1178 renovare
747 1120 781 1177 et
799 1105 835 1176 in
854 1106 1077 1177 orationibus
1092 1122 1128 1179 et
1149 1108 1188 1180 in

184 1218 342 1319 epistolis
357 1217 591 1318 Symmachus
603 1234 656 1291 444
671 1232 834 1289 4044444.
853 1223 934 1290 Haec
954 1219 1128 1291 hactenus
1144 1219 1191 1292 de

184 1332 363 1423 materiis,
397 1355 570 1429 quae,.1v
606 1330 752 1425 saeculo,
797 1330 946 1402 sorensis
980 1330 1192 1428 eloquentiae

184 1438 315 1544 campo
334 1460 369 1517 et
387 1470 478 1544 verae
494 1443 540 1516 de
555 1445 648 1516 veris
665 1443 771 1516 rebus
785 1443 960 1516 ‘facundiae
979 1469 1087 1541 gyro,
1112 1459 1192 1517 tum

184 1556 223 1630 in
241 1559 367 1631 ceteris
385 1558 536 1629 Romani
552 1558 692 1657 imperii
707 1557 884 1655 partibus,
900 1571 978 1627 tum
996 1558 1033 1628 in
1050 1556 1189 1648 Galliis,
1246 1622 1251 1627 .

161 1718 163 1722 >
187 1685 407 1744 conservatae
424 1685 537 1741 erant.

238 1787 317 1854 Jarn
331 1766 461 1853 cuncta
477 1805 592 1878 prope
604 1779 822 1851 Gallicorum
833 1778 1019 1850 rhetorum
1036 1795 1072 1852 et
1088 1783 1194 1854 virtu·

188 1886 267 1967 44444
283 1909 317 1965 44
333 1894 502 1964 vitiorum
517 1891 668 1987 insignia
684 1890 785 1961 brevi
802 1890 961 1987 quodam
975 1893 1089 1990 spatio
1107 1918 1194 1965 con·

190 2007 373 2095 traximus.
392 2008 558 2092 Quorum
576 2005 605 2074 si
623 2018 791 2100 praeterea
805 2019 900 2075 certa
917 2005 1046 2096 studia,
1067 2019 1101 2076 et
1118 2031 1195 2077 mo.

189 2102 260 2210 444,
272 2133 311 2190 44·
323 2116 527 2213 religiones,
544 2129 578 2186 et
593 2114 845 2212 quotidianum
863 2116 1007 2187 vivendi
1019 2142 1144 2213 genus,
1159 2132 1195 2190 44

190 2214 439 2330 conditionem
449 2226 772 2324 perstrinxerimus,
786 2252 894 2298 omne
909 2244 1083 2326 punctum
1097 2255 1200 2328 paene

173 2344 391 2433 tulerimus,
423 2341 520 2413 unde
550 2341 633 2412 dein
661 2366 697 2411 1v
722 2343 841 2413 saeculi
867 2343 1022 2414 Gallicos
1054 2344 1199 2418 dicendi

192 2472 429 2557 praeceptores
454 2479 542 2559 cum
569 2454 715 2525 Victore
745 2469 871 2527 nostro
899 2455 1061 2527 conferre
1085 2458 1201 2554 possi·

177 2558 286 2665 ¹mus.
348 2642 351 2648 ,

241 2669 371 2754 Cuncti
383 2682 406 2751 ii
423 2679 602 2771 rhetores,
620 2679 666 2752 de
680 2679 812 2777 quibus
826 2705 941 2779 pauca
956 2680 1061 2752 nohis
1073 2683 1201 2756 tradita*

194 2809 300 2888 sunt,
328 2809 389 2865 aut
417 2817 574 2890 quorum
602 2793 732 2891 scripta
762 2791 897 2888 aliquot
927 2793 1197 2891 superfuerunt,

194 2910 399 2980 Graecarum
414 2906 612 2976 litterarum
625 2905 741 2977 multo
759 2904 877 2975 minus
891 2905 1009 2977 tritam
1028 2907 1202 2978 exercita-

194 3003 352 3107 tionem,
369 3020 546 3088 minorem
570 3041 688 3106 usum,
708 3030 743 3088 et
759 3016 968 3113 quotidiana
991 3018 1202 3092 tractatione

196 3133 441 3226 continuoque
464 3129 682 3200 commercio
710 3128 829 3198 minus
851 3128 996 3201 doctam
1017 3131 1201 3229 experien-

197 3245 297 3333 tiam,
309 3267 419 3340 quam
431 3243 622 3339 scriptores
637 3241 802 3312 Ciceroni
813 3255 848 3312 et
860 3241 967 3312 etiam
979 3241 1211 3328 Quintiliano.

199 3357 371 3455 aequales,
392 3355 573 3443 videntur,
596 3355 720 3450 utjam
737 3370 841 3426 antea
853 3353 995 3424 dicrum
1010 3367 1063 3424 est
1075 3354 1113 3423 in
1131 3351 1203 3424 hoc

201 3469 394 3569 opusculo,
421 3466 600 3539 habuisse.
638 3467 720 3537 Scio
760 3466 928 3564 equidem
954 3464 1068 3536 multa
1094 3465 1207 3561 objici

202 3607 418 3680 posse,quae
434 3580 566 3652 nostris
588 3578 634 3650 de
655 3579 723 3650 hac
741 3604 780 3651 re
800 3577 1103 3667 conclusionibus,
1126 3602 1211 3649 non·¹

205 3691 976 3794 semelsuprarepetitis',obstarevideantur.
989 3692 1201 3788 Ausonium,

244 3953 273 4011 4.
298 3952 331 4011 C.
354 3953 382 4008 J.
401 3947 494 4020 vtes,
509 3965 573 4025 cap.
590 3965 675 4016 xxm,
691 3966 721 4024 p.
738 3949 808 4007 tta.

245 4045 275 4106 Ξ.
297 4039 371 4100 Vide
384 4060 416 4119 p.
431 4041 538 4112 47-503
551 4056 582 4115 p.
599 4039 637 4094 99
650 4039 720 4096 too.
