<?xml version="1.0" encoding="UTF-8"?>
<!DOCTYPE html PUBLIC "-//W3C//DTD XHTML 1.0 Transitional//EN"
    "http://www.w3.org/TR/xhtml1/DTD/xhtml1-transitional.dtd">
<html xmlns="http://www.w3.org/1999/xhtml" xml:lang="en" lang="en">
 <head>
  <title>
</title>
<meta http-equiv="Content-Type" content="text/html;charset=utf-8" />
  <meta name='ocr-system' content='tesseract 3.04.00' />
  <meta name='ocr-capabilities' content='ocr_page ocr_carea ocr_par ocr_line ocrx_word'/>
</head>
<body>
  <div class='ocr_page' id='page_1' title='image "./decaiijuliivict00damigoog_0164.png"; bbox 0 0 2738 4928; ppageno 0'>
   <div class='ocr_carea' id='block_1_1' title="bbox 566 290 789 420">
    <p class='ocr_par' dir='ltr' id='par_1_1' title="bbox 566 290 789 420">
     <span class='ocr_line' id='line_1_1' title="bbox 566 290 789 420; baseline -0.009 0"><span class='ocrx_word' id='word_1_1' title='bbox 566 290 789 420; x_wconf 72' lang='grc'><strong>..10-</strong></span> 
     </span>
    </p>
   </div>
   <div class='ocr_carea' id='block_1_2' title="bbox 164 493 1246 4196">
    <p class='ocr_par' dir='ltr' id='par_1_2' title="bbox 164 493 1246 4196">
     <span class='ocr_line' id='line_1_2' title="bbox 176 493 1183 592; baseline 0.003 -29"><span class='ocrx_word' id='word_1_2' title='bbox 176 494 215 564; x_wconf 95' lang='lat' dir='ltr'>id</span> <span class='ocrx_word' id='word_1_3' title='bbox 249 493 359 564; x_wconf 91' lang='lat' dir='ltr'>semel</span> <span class='ocrx_word' id='word_1_4' title='bbox 395 495 563 592; x_wconf 83' lang='lat' dir='ltr'><strong>deinceps</strong></span> <span class='ocrx_word' id='word_1_5' title='bbox 599 494 814 567; x_wconf 83' lang='lat' dir='ltr'>confirmare</span> <span class='ocrx_word' id='word_1_6' title='bbox 852 496 1060 589; x_wconf 80' lang='lat' dir='ltr'>voluimus)</span> <span class='ocrx_word' id='word_1_7' title='bbox 1095 494 1183 566; x_wconf 90' lang='lat' dir='ltr'>mul-</span> 
     </span>
     <span class='ocr_line' id='line_1_3' title="bbox 176 609 1183 703; baseline 0.004 -27"><span class='ocrx_word' id='word_1_8' title='bbox 176 620 216 678; x_wconf 92' lang='lat' dir='ltr'>to</span> <span class='ocrx_word' id='word_1_9' title='bbox 236 609 367 697; x_wconf 91' lang='lat' dir='ltr'>minus,</span> <span class='ocrx_word' id='word_1_10' title='bbox 388 632 497 703; x_wconf 91' lang='lat' dir='ltr'>quam</span> <span class='ocrx_word' id='word_1_11' title='bbox 508 609 718 685; x_wconf 67' lang='lat' dir='ltr'>G&#39;meronem</span> <span class='ocrx_word' id='word_1_12' title='bbox 734 625 768 680; x_wconf 90' lang='lat' dir='ltr'>et</span> <span class='ocrx_word' id='word_1_13' title='bbox 785 609 947 701; x_wconf 90' lang='lat' dir='ltr'>Fabium,</span> <span class='ocrx_word' id='word_1_14' title='bbox 960 610 1090 680; x_wconf 78' lang='lat' dir='ltr'>Graecis</span> <span class='ocrx_word' id='word_1_15' title='bbox 1107 633 1183 680; x_wconf 89' lang='lat' dir='ltr'>csse</span> 
     </span>
     <span class='ocr_line' id='line_1_4' title="bbox 176 720 1182 810; baseline 0.001 -20"><span class='ocrx_word' id='word_1_16' title='bbox 176 720 302 791; x_wconf 94' lang='lat' dir='ltr'>litteris</span> <span class='ocrx_word' id='word_1_17' title='bbox 314 720 494 792; x_wconf 92' lang='lat' dir='ltr'>imbutum</span> <span class='ocrx_word' id='word_1_18' title='bbox 504 723 685 793; x_wconf 89' lang='lat' dir='ltr'>Victorem</span> <span class='ocrx_word' id='word_1_19' title='bbox 697 750 705 810; x_wconf 90' lang='lat'>;</span> <span class='ocrx_word' id='word_1_20' title='bbox 720 738 756 793; x_wconf 88' lang='lat' dir='ltr'>et</span> <span class='ocrx_word' id='word_1_21' title='bbox 770 726 972 794; x_wconf 88' lang='lat' dir='ltr'>Graecarum</span> <span class='ocrx_word' id='word_1_22' title='bbox 985 723 1182 794; x_wconf 90' lang='lat' dir='ltr'>litterarum</span> 
     </span>
     <span class='ocr_line' id='line_1_5' title="bbox 179 833 1185 930; baseline 0.002 -26"><span class='ocrx_word' id='word_1_23' title='bbox 179 859 284 904; x_wconf 92' lang='lat' dir='ltr'>usum</span> <span class='ocrx_word' id='word_1_24' title='bbox 303 849 380 904; x_wconf 92' lang='lat' dir='ltr'>tum</span> <span class='ocrx_word' id='word_1_25' title='bbox 396 836 432 903; x_wconf 94' lang='lat' dir='ltr'>in</span> <span class='ocrx_word' id='word_1_26' title='bbox 450 833 584 923; x_wconf 90' lang='lat' dir='ltr'>Galliis,</span> <span class='ocrx_word' id='word_1_27' title='bbox 606 849 682 903; x_wconf 90' lang='lat' dir='ltr'>tum</span> <span class='ocrx_word' id='word_1_28' title='bbox 698 835 735 904; x_wconf 92' lang='lat' dir='ltr'>in</span> <span class='ocrx_word' id='word_1_29' title='bbox 753 834 897 930; x_wconf 90' lang='lat' dir='ltr'>reliquis</span> <span class='ocrx_word' id='word_1_30' title='bbox 911 835 1115 905; x_wconf 84' lang='lat' dir='ltr'>Occidentis</span> <span class='ocrx_word' id='word_1_31' title='bbox 1130 860 1185 906; x_wconf 91' lang='lat' dir='ltr'>re-</span> 
     </span>
     <span class='ocr_line' id='line_1_6' title="bbox 175 935 1184 1044; baseline -0.002 -26"><span class='ocrx_word' id='word_1_32' title='bbox 175 946 346 1044; x_wconf 84' lang='lat' dir='ltr'>gionibns</span> <span class='ocrx_word' id='word_1_33' title='bbox 360 972 397 1017; x_wconf 87' lang='lat' dir='ltr'>rv</span> <span class='ocrx_word' id='word_1_34' title='bbox 414 972 489 1016; x_wconf 86' lang='lat' dir='ltr'>aevo</span> <span class='ocrx_word' id='word_1_35' title='bbox 514 946 667 1018; x_wconf 89' lang='lat' dir='ltr'>multum</span> <span class='ocrx_word' id='word_1_36' title='bbox 686 946 894 1018; x_wconf 82' lang='lat' dir='ltr'>defloruisse</span> <span class='ocrx_word' id='word_1_37' title='bbox 913 948 1082 1033; x_wconf 86' lang='lat' dir='ltr'>diximus,</span> <span class='ocrx_word' id='word_1_38' title='bbox 1108 935 1184 1018; x_wconf 88' lang='lat' dir='ltr'>non</span> 
     </span>
     <span class='ocr_line' id='line_1_7' title="bbox 178 1058 1184 1154; baseline -0.002 -22"><span class='ocrx_word' id='word_1_39' title='bbox 178 1061 226 1132; x_wconf 91' lang='lat' dir='ltr'>ab</span> <span class='ocrx_word' id='word_1_40' title='bbox 259 1062 302 1131; x_wconf 90' lang='lat' dir='ltr'>iis</span> <span class='ocrx_word' id='word_1_41' title='bbox 328 1060 517 1152; x_wconf 83' lang='lat' dir='ltr'>absterriti,</span> <span class='ocrx_word' id='word_1_42' title='bbox 546 1060 608 1154; x_wconf 92' lang='lat' dir='ltr'>qni</span> <span class='ocrx_word' id='word_1_43' title='bbox 636 1064 757 1131; x_wconf 89' lang='lat' dir='ltr'>Graeca</span> <span class='ocrx_word' id='word_1_44' title='bbox 788 1061 983 1133; x_wconf 81' lang='lat' dir='ltr'>rhetorices</span> <span class='ocrx_word' id='word_1_45' title='bbox 1010 1058 1184 1131; x_wconf 87' lang='lat' dir='ltr'>vocabula</span> 
     </span>
     <span class='ocr_line' id='line_1_8' title="bbox 177 1172 1182 1269; baseline -0.001 -26"><span class='ocrx_word' id='word_1_46' title='bbox 177 1172 287 1268; x_wconf 88' lang='lat' dir='ltr'>vulgo</span> <span class='ocrx_word' id='word_1_47' title='bbox 307 1197 327 1242; x_wconf 89' lang='lat' dir='ltr'>a</span> <span class='ocrx_word' id='word_1_48' title='bbox 341 1175 484 1245; x_wconf 87' lang='lat' dir='ltr'>Victore</span> <span class='ocrx_word' id='word_1_49' title='bbox 495 1172 656 1242; x_wconf 86' lang='lat' dir='ltr'>adhiberi</span> <span class='ocrx_word' id='word_1_50' title='bbox 665 1174 745 1266; x_wconf 87' lang='lat' dir='ltr'>jure</span> <span class='ocrx_word' id='word_1_51' title='bbox 758 1174 896 1269; x_wconf 92' lang='lat' dir='ltr'>optimo</span> <span class='ocrx_word' id='word_1_52' title='bbox 909 1173 1182 1244; x_wconf 87' lang='lat' dir='ltr'>contenderent.</span> 
     </span>
     <span class='ocr_line' id='line_1_9' title="bbox 180 1280 1246 1380; baseline -0.002 -25"><span class='ocrx_word' id='word_1_53' title='bbox 180 1286 328 1356; x_wconf 86' lang='lat' dir='ltr'>Etiamsi</span> <span class='ocrx_word' id='word_1_54' title='bbox 345 1298 464 1354; x_wconf 88' lang='lat' dir='ltr'>antem</span> <span class='ocrx_word' id='word_1_55' title='bbox 475 1285 690 1380; x_wconf 82' lang='lat' dir='ltr'>incorrupta</span> <span class='ocrx_word' id='word_1_56' title='bbox 708 1280 918 1354; x_wconf 85' lang='lat' dir='ltr'>Latinorum</span> <span class='ocrx_word' id='word_1_57' title='bbox 935 1291 1097 1353; x_wconf 86' lang='lat' dir='ltr'>veterum</span> <span class='ocrx_word' id='word_1_58' title='bbox 1115 1283 1187 1353; x_wconf 88' lang='lat' dir='ltr'>elo·</span> <span class='ocrx_word' id='word_1_59' title='bbox 1242 1335 1246 1342; x_wconf 82' lang='lat'><em>-</em></span> 
     </span>
     <span class='ocr_line' id='line_1_10' title="bbox 180 1395 1186 1494; baseline -0.005 -26"><span class='ocrx_word' id='word_1_60' title='bbox 180 1398 334 1494; x_wconf 86' lang='lat' dir='ltr'>quentiae</span> <span class='ocrx_word' id='word_1_61' title='bbox 356 1397 474 1466; x_wconf 82' lang='lat' dir='ltr'>fautor</span> <span class='ocrx_word' id='word_1_62' title='bbox 492 1422 567 1467; x_wconf 89' lang='lat' dir='ltr'>csse</span> <span class='ocrx_word' id='word_1_63' title='bbox 592 1396 726 1492; x_wconf 91' lang='lat' dir='ltr'>ubique</span> <span class='ocrx_word' id='word_1_64' title='bbox 746 1395 927 1485; x_wconf 85' lang='lat' dir='ltr'>videatur,</span> <span class='ocrx_word' id='word_1_65' title='bbox 953 1395 1186 1473; x_wconf 90' lang='lat' dir='ltr'>nihilominus</span> 
     </span>
     <span class='ocr_line' id='line_1_11' title="bbox 181 1507 1187 1606; baseline -0.005 -25"><span class='ocrx_word' id='word_1_66' title='bbox 181 1511 257 1606; x_wconf 87' lang='lat' dir='ltr'>ejus</span> <span class='ocrx_word' id='word_1_67' title='bbox 270 1526 305 1581; x_wconf 89' lang='lat' dir='ltr'>et</span> <span class='ocrx_word' id='word_1_68' title='bbox 320 1510 525 1600; x_wconf 89' lang='lat' dir='ltr'>sententias,</span> <span class='ocrx_word' id='word_1_69' title='bbox 546 1524 581 1581; x_wconf 90' lang='lat' dir='ltr'>et</span> <span class='ocrx_word' id='word_1_70' title='bbox 598 1509 821 1596; x_wconf 75' lang='lat' dir='ltr'>dictionem,</span> <span class='ocrx_word' id='word_1_71' title='bbox 836 1524 872 1579; x_wconf 88' lang='lat' dir='ltr'>et</span> <span class='ocrx_word' id='word_1_72' title='bbox 883 1507 1035 1579; x_wconf 89' lang='lat' dir='ltr'>barbara</span> <span class='ocrx_word' id='word_1_73' title='bbox 1049 1508 1187 1602; x_wconf 89' lang='lat' dir='ltr'>aliquot</span> 
     </span>
     <span class='ocr_line' id='line_1_12' title="bbox 180 1619 1185 1718; baseline -0.003 -26"><span class='ocrx_word' id='word_1_74' title='bbox 180 1623 370 1710; x_wconf 83' lang='lat' dir='ltr'>vocabula,</span> <span class='ocrx_word' id='word_1_75' title='bbox 382 1638 416 1694; x_wconf 91' lang='lat' dir='ltr'>et</span> <span class='ocrx_word' id='word_1_76' title='bbox 427 1622 791 1711; x_wconf 89' lang='lat' dir='ltr'>universumlibrum,</span> <span class='ocrx_word' id='word_1_77' title='bbox 809 1619 1185 1718; x_wconf 84' lang='lat' dir='ltr'>depravataeacdemi·</span> 
     </span>
     <span class='ocr_line' id='line_1_13' title="bbox 181 1734 1185 1833; baseline -0.002 -28"><span class='ocrx_word' id='word_1_78' title='bbox 181 1751 276 1807; x_wconf 83' lang='lat' dir='ltr'>nntae</span> <span class='ocrx_word' id='word_1_79' title='bbox 287 1738 324 1806; x_wconf 94' lang='lat' dir='ltr'>in</span> <span class='ocrx_word' id='word_1_80' title='bbox 334 1736 410 1807; x_wconf 92' lang='lat' dir='ltr'>dies</span> <span class='ocrx_word' id='word_1_81' title='bbox 420 1737 646 1832; x_wconf 85' lang='lat' dir='ltr'>cogitationis</span> <span class='ocrx_word' id='word_1_82' title='bbox 661 1735 899 1833; x_wconf 85' lang='lat' dir='ltr'>dictionisque</span> <span class='ocrx_word' id='word_1_83' title='bbox 916 1734 1097 1830; x_wconf 86' lang='lat' dir='ltr'>exemplar</span> <span class='ocrx_word' id='word_1_84' title='bbox 1110 1757 1185 1803; x_wconf 92' lang='lat' dir='ltr'>esse</span> 
     </span>
     <span class='ocr_line' id='line_1_14' title="bbox 182 1844 1187 1946; baseline -0.003 -28"><span class='ocrx_word' id='word_1_85' title='bbox 182 1847 413 1918; x_wconf 88' lang='lat' dir='ltr'>credidimus.</span> <span class='ocrx_word' id='word_1_86' title='bbox 452 1853 490 1917; x_wconf 91' lang='lat' dir='ltr'>ln</span> <span class='ocrx_word' id='word_1_87' title='bbox 516 1874 588 1945; x_wconf 90' lang='lat' dir='ltr'>quo</span> <span class='ocrx_word' id='word_1_88' title='bbox 612 1874 727 1946; x_wconf 91' lang='lat' dir='ltr'>prope</span> <span class='ocrx_word' id='word_1_89' title='bbox 752 1847 842 1918; x_wconf 91' lang='lat' dir='ltr'>nihil</span> <span class='ocrx_word' id='word_1_90' title='bbox 864 1848 1064 1918; x_wconf 90' lang='lat' dir='ltr'>invenimus</span> <span class='ocrx_word' id='word_1_91' title='bbox 1089 1844 1187 1942; x_wconf 90' lang='lat' dir='ltr'>quod</span> 
     </span>
     <span class='ocr_line' id='line_1_15' title="bbox 176 1961 1189 2059; baseline -0.001 -30"><span class='ocrx_word' id='word_1_92' title='bbox 176 1961 336 2031; x_wconf 85' lang='lat' dir='ltr'>Victoris</span> <span class='ocrx_word' id='word_1_93' title='bbox 353 1964 538 2059; x_wconf 85' lang='lat' dir='ltr'>propriam</span> <span class='ocrx_word' id='word_1_94' title='bbox 560 1961 738 2051; x_wconf 87' lang='lat' dir='ltr'>indolem,</span> <span class='ocrx_word' id='word_1_95' title='bbox 758 1962 960 2058; x_wconf 81' lang='lat' dir='ltr'>ingenium,</span> <span class='ocrx_word' id='word_1_96' title='bbox 980 1975 1118 2030; x_wconf 70' lang='lat' dir='ltr'>{etatem</span> <span class='ocrx_word' id='word_1_97' title='bbox 1138 1983 1189 2028; x_wconf 90' lang='lat' dir='ltr'>re·</span> 
     </span>
     <span class='ocr_line' id='line_1_16' title="bbox 178 2061 1218 2171; baseline -0.004 -27"><span class='ocrx_word' id='word_1_98' title='bbox 178 2075 321 2163; x_wconf 79' lang='lat' dir='ltr'>&#39;ferret3</span> <span class='ocrx_word' id='word_1_99' title='bbox 353 2061 560 2171; x_wconf 84' lang='lat' dir='ltr'>quanquam</span> <span class='ocrx_word' id='word_1_100' title='bbox 589 2101 671 2145; x_wconf 92' lang='lat' dir='ltr'>eum</span> <span class='ocrx_word' id='word_1_101' title='bbox 706 2076 835 2146; x_wconf 87' lang='lat' dir='ltr'>merito</span> <span class='ocrx_word' id='word_1_102' title='bbox 865 2075 975 2144; x_wconf 83' lang='lat' dir='ltr'>Maius</span> <span class='ocrx_word' id='word_1_103' title='bbox 1003 2072 1188 2143; x_wconf 91' lang='lat' dir='ltr'>ethnicum</span> <span class='ocrx_word' id='word_1_104' title='bbox 1217 2160 1218 2163; x_wconf 8' lang='grc' dir='ltr'><strong>Ἴ</strong></span> 
     </span>
     <span class='ocr_line' id='line_1_17' title="bbox 178 2180 1188 2284; baseline -0.002 -28"><span class='ocrx_word' id='word_1_105' title='bbox 178 2188 289 2257; x_wconf 83' lang='lat' dir='ltr'>‘suisse</span> <span class='ocrx_word' id='word_1_106' title='bbox 305 2186 492 2259; x_wconf 92' lang='lat' dir='ltr'>hominem</span> <span class='ocrx_word' id='word_1_107' title='bbox 510 2190 680 2284; x_wconf 86' lang='lat' dir='ltr'>agnoscit.</span> <span class='ocrx_word' id='word_1_108' title='bbox 706 2189 814 2274; x_wconf 86' lang='lat' dir='ltr'>Quod</span> <span class='ocrx_word' id='word_1_109' title='bbox 830 2187 1031 2258; x_wconf 85' lang='lat' dir='ltr'>certissimis</span> <span class='ocrx_word' id='word_1_110' title='bbox 1045 2180 1188 2254; x_wconf 85' lang='lat' dir='ltr'>dnobus</span> 
     </span>
     <span class='ocr_line' id='line_1_18' title="bbox 180 2288 1187 2398; baseline -0.001 -29"><span class='ocrx_word' id='word_1_111' title='bbox 180 2290 326 2371; x_wconf 89' lang='lat' dir='ltr'>indiciis</span> <span class='ocrx_word' id='word_1_112' title='bbox 354 2288 512 2390; x_wconf 89' lang='lat' dir='ltr'>ostendi,</span> <span class='ocrx_word' id='word_1_113' title='bbox 535 2317 660 2373; x_wconf 89' lang='lat' dir='ltr'>contra</span> <span class='ocrx_word' id='word_1_114' title='bbox 680 2317 765 2398; x_wconf 78' lang='lat' dir='ltr'>qnoe</span> <span class='ocrx_word' id='word_1_115' title='bbox 779 2302 906 2371; x_wconf 85' lang='lat' dir='ltr'>frustra</span> <span class='ocrx_word' id='word_1_116' title='bbox 923 2313 1187 2398; x_wconf 84' lang='lat' dir='ltr'>repugnarent,</span> 
     </span>
     <span class='ocr_line' id='line_1_19' title="bbox 184 2411 1191 2506; baseline -0.003 -25"><span class='ocrx_word' id='word_1_117' title='bbox 184 2411 248 2506; x_wconf 93' lang='lat' dir='ltr'>qui</span> <span class='ocrx_word' id='word_1_118' title='bbox 265 2411 355 2483; x_wconf 82' lang='lat' dir='ltr'>tatso</span> <span class='ocrx_word' id='word_1_119' title='bbox 371 2413 552 2501; x_wconf 89' lang='lat' dir='ltr'>dicerent,</span> <span class='ocrx_word' id='word_1_120' title='bbox 567 2416 603 2483; x_wconf 95' lang='lat' dir='ltr'>in</span> <span class='ocrx_word' id='word_1_121' title='bbox 623 2414 830 2502; x_wconf 90' lang='lat' dir='ltr'>rhetoricis,</span> <span class='ocrx_word' id='word_1_122' title='bbox 843 2413 943 2483; x_wconf 84' lang='lat' dir='ltr'>verbi</span> <span class='ocrx_word' id='word_1_123' title='bbox 960 2411 1086 2506; x_wconf 88' lang='lat' dir='ltr'>gratia,</span> <span class='ocrx_word' id='word_1_124' title='bbox 1108 2413 1191 2479; x_wconf 91' lang='lat' dir='ltr'>Cas-</span> 
     </span>
     <span class='ocr_line' id='line_1_20' title="bbox 182 2522 1187 2625; baseline -0.004 -31"><span class='ocrx_word' id='word_1_125' title='bbox 182 2525 320 2595; x_wconf 88' lang='lat' dir='ltr'>siodori</span> <span class='ocrx_word' id='word_1_126' title='bbox 337 2540 371 2596; x_wconf 94' lang='lat' dir='ltr'>et</span> <span class='ocrx_word' id='word_1_127' title='bbox 382 2527 735 2625; x_wconf 73' lang='lat' dir='ltr'>Isidori&#39;Hispalensis</span> <span class='ocrx_word' id='word_1_128' title='bbox 746 2525 988 2624; x_wconf 89' lang='lat' dir='ltr'>compendiis,</span> <span class='ocrx_word' id='word_1_129' title='bbox 1000 2522 1099 2594; x_wconf 85' lang='lat' dir='ltr'>nulla</span> <span class='ocrx_word' id='word_1_130' title='bbox 1110 2546 1187 2592; x_wconf 94' lang='lat' dir='ltr'>om·</span> 
     </span>
     <span class='ocr_line' id='line_1_21' title="bbox 179 2633 1187 2736; baseline -0.005 -29"><span class='ocrx_word' id='word_1_131' title='bbox 179 2638 273 2708; x_wconf 81' lang='lat' dir='ltr'>nino</span> <span class='ocrx_word' id='word_1_132' title='bbox 295 2638 493 2710; x_wconf 87' lang='lat' dir='ltr'>christianae</span> <span class='ocrx_word' id='word_1_133' title='bbox 511 2640 693 2736; x_wconf 88' lang='lat' dir='ltr'>religionis</span> <span class='ocrx_word' id='word_1_134' title='bbox 716 2641 862 2734; x_wconf 86' lang='lat' dir='ltr'>vestigia</span> <span class='ocrx_word' id='word_1_135' title='bbox 879 2633 1113 2732; x_wconf 89' lang='lat' dir='ltr'>deprehendi.</span> <span class='ocrx_word' id='word_1_136' title='bbox 1137 2637 1187 2702; x_wconf 85' lang='lat' dir='ltr'>Eo</span> 
     </span>
     <span class='ocr_line' id='line_1_22' title="bbox 177 2746 1187 2849; baseline -0.008 -29"><span class='ocrx_word' id='word_1_137' title='bbox 177 2753 297 2847; x_wconf 84' lang='lat' dir='ltr'>magis</span> <span class='ocrx_word' id='word_1_138' title='bbox 313 2776 493 2849; x_wconf 85' lang='lat' dir='ltr'>paganum</span> <span class='ocrx_word' id='word_1_139' title='bbox 512 2755 615 2823; x_wconf 81' lang='lat' dir='ltr'>luisse</span> <span class='ocrx_word' id='word_1_140' title='bbox 632 2755 812 2823; x_wconf 83' lang='lat' dir='ltr'>Victorem</span> <span class='ocrx_word' id='word_1_141' title='bbox 827 2776 902 2823; x_wconf 91' lang='lat' dir='ltr'>esse</span> <span class='ocrx_word' id='word_1_142' title='bbox 916 2746 1187 2834; x_wconf 83' lang='lat' dir='ltr'>affirmavimus,</span> 
     </span>
     <span class='ocr_line' id='line_1_23' title="bbox 179 2861 1189 2962; baseline -0.007 -28"><span class='ocrx_word' id='word_1_143' title='bbox 179 2865 277 2939; x_wconf 51' lang='lat' dir='ltr'>&gt;sicut</span> <span class='ocrx_word' id='word_1_144' title='bbox 302 2864 493 2962; x_wconf 85' lang='lat' dir='ltr'>plerosque</span> <span class='ocrx_word' id='word_1_145' title='bbox 514 2866 636 2937; x_wconf 91' lang='lat' dir='ltr'>Gallos</span> <span class='ocrx_word' id='word_1_146' title='bbox 665 2867 826 2937; x_wconf 86' lang='lat' dir='ltr'>rhetores</span> <span class='ocrx_word' id='word_1_147' title='bbox 850 2865 899 2935; x_wconf 92' lang='lat' dir='ltr'>illi</span> <span class='ocrx_word' id='word_1_148' title='bbox 921 2861 1090 2961; x_wconf 89' lang='lat' dir='ltr'>aequales,</span> <span class='ocrx_word' id='word_1_149' title='bbox 1117 2881 1189 2952; x_wconf 91' lang='lat' dir='ltr'>quo</span> 
     </span>
     <span class='ocr_line' id='line_1_24' title="bbox 181 2977 1191 3074; baseline -0.007 -27"><span class='ocrx_word' id='word_1_150' title='bbox 181 2978 314 3048; x_wconf 56' lang='lat' dir='ltr'>*melius</span> <span class='ocrx_word' id='word_1_151' title='bbox 340 2978 426 3048; x_wconf 91' lang='lat' dir='ltr'>inde</span> <span class='ocrx_word' id='word_1_152' title='bbox 454 2979 691 3073; x_wconf 83' lang='lat' dir='ltr'>intelleximus</span> <span class='ocrx_word' id='word_1_153' title='bbox 719 3006 782 3050; x_wconf 91' lang='lat' dir='ltr'>cnr</span> <span class='ocrx_word' id='word_1_154' title='bbox 809 2977 946 3074; x_wconf 65' lang='lat' dir='ltr'>ubique,</span> <span class='ocrx_word' id='word_1_155' title='bbox 976 2977 1100 3047; x_wconf 85' lang='lat' dir='ltr'>Victor</span> <span class='ocrx_word' id='word_1_156' title='bbox 1131 2995 1191 3041; x_wconf 85' lang='lat' dir='ltr'>ve·</span> 
     </span>
     <span class='ocr_line' id='line_1_25' title="bbox 188 3087 1187 3188; baseline -0.009 -27"><span class='ocrx_word' id='word_1_157' title='bbox 188 3105 305 3161; x_wconf 90' lang='lat' dir='ltr'>terum</span> <span class='ocrx_word' id='word_1_158' title='bbox 322 3089 509 3161; x_wconf 91' lang='lat' dir='ltr'>rhetorum</span> <span class='ocrx_word' id='word_1_159' title='bbox 527 3093 681 3188; x_wconf 89' lang='lat' dir='ltr'>vestigiis</span> <span class='ocrx_word' id='word_1_160' title='bbox 700 3092 943 3176; x_wconf 87' lang='lat' dir='ltr'>adhaerescens</span> <span class='ocrx_word' id='word_1_161' title='bbox 966 3087 1187 3184; x_wconf 86' lang='lat' dir='ltr'>adreptaret,</span> 
     </span>
     <span class='ocr_line' id='line_1_26' title="bbox 187 3198 1190 3303; baseline -0.008 -30"><span class='ocrx_word' id='word_1_162' title='bbox 187 3204 468 3299; x_wconf 84' lang='lat' dir='ltr'>necquidquam</span> <span class='ocrx_word' id='word_1_163' title='bbox 483 3231 547 3303; x_wconf 91' lang='lat' dir='ltr'>per</span> <span class='ocrx_word' id='word_1_164' title='bbox 561 3231 598 3276; x_wconf 90' lang='lat' dir='ltr'>se</span> <span class='ocrx_word' id='word_1_165' title='bbox 610 3206 790 3301; x_wconf 88' lang='lat' dir='ltr'>egregium</span> <span class='ocrx_word' id='word_1_166' title='bbox 805 3217 987 3288; x_wconf 82' lang='lat' dir='ltr'>etnovnm</span> <span class='ocrx_word' id='word_1_167' title='bbox 999 3198 1190 3297; x_wconf 85' lang='lat' dir='ltr'>reperiret,</span> 
     </span>
     <span class='ocr_line' id='line_1_27' title="bbox 187 3311 1189 3410; baseline -0.006 -26.048"><span class='ocrx_word' id='word_1_168' title='bbox 187 3314 294 3410; x_wconf 89' lang='lat' dir='ltr'>longe</span> <span class='ocrx_word' id='word_1_169' title='bbox 317 3316 420 3404; x_wconf 45' lang='lat' dir='ltr'>inea,</span> <span class='ocrx_word' id='word_1_170' title='bbox 442 3316 548 3387; x_wconf 88' lang='lat' dir='ltr'>reah</span> <span class='ocrx_word' id='word_1_171' title='bbox 572 3317 713 3388; x_wconf 81' lang='lat' dir='ltr'>Aurelio</span> <span class='ocrx_word' id='word_1_172' title='bbox 731 3316 798 3387; x_wconf 93' lang='grc' dir='ltr'>Ι1110</span> <span class='ocrx_word' id='word_1_173' title='bbox 822 3316 1018 3409; x_wconf 79' lang='lat' dir='ltr'>Augustino</span> <span class='ocrx_word' id='word_1_174' title='bbox 1043 3311 1189 3400; x_wconf 89' lang='lat' dir='ltr'>distans,</span> 
     </span>
     <span class='ocr_line' id='line_1_28' title="bbox 188 3421 1193 3524; baseline -0.007 -27"><span class='ocrx_word' id='word_1_175' title='bbox 188 3429 290 3522; x_wconf 88' lang='lat' dir='ltr'>cujus</span> <span class='ocrx_word' id='word_1_176' title='bbox 307 3429 488 3499; x_wconf 89' lang='lat' dir='ltr'>luculenta</span> <span class='ocrx_word' id='word_1_177' title='bbox 504 3429 685 3524; x_wconf 88' lang='lat' dir='ltr'>quaedam,</span> <span class='ocrx_word' id='word_1_178' title='bbox 713 3453 754 3497; x_wconf 89' lang='lat' dir='ltr'>ex</span> <span class='ocrx_word' id='word_1_179' title='bbox 773 3427 910 3524; x_wconf 90' lang='lat' dir='ltr'>optimo</span> <span class='ocrx_word' id='word_1_180' title='bbox 928 3424 973 3495; x_wconf 94' lang='lat' dir='ltr'>de</span> <span class='ocrx_word' id='word_1_181' title='bbox 995 3421 1193 3500; x_wconf 85' lang='lat' dir='ltr'>Christiana</span> 
     </span>
     <span class='ocr_line' id='line_1_29' title="bbox 178 3527 1193 3638; baseline -0.007 -30"><span class='ocrx_word' id='word_1_182' title='bbox 178 3541 360 3611; x_wconf 82' lang='lat' dir='ltr'>nDoctrina</span> <span class='ocrx_word' id='word_1_183' title='bbox 374 3540 467 3611; x_wconf 88' lang='lat' dir='ltr'>libro</span> <span class='ocrx_word' id='word_1_184' title='bbox 485 3555 648 3638; x_wconf 83' lang='lat' dir='ltr'>excerpta</span> <span class='ocrx_word' id='word_1_185' title='bbox 666 3535 892 3637; x_wconf 89' lang='lat' dir='ltr'>protulimus.</span> <span class='ocrx_word' id='word_1_186' title='bbox 907 3527 987 3608; x_wconf 89' lang='lat' dir='ltr'>Non</span> <span class='ocrx_word' id='word_1_187' title='bbox 1005 3533 1104 3631; x_wconf 91' lang='lat' dir='ltr'>qnod</span> <span class='ocrx_word' id='word_1_188' title='bbox 1118 3532 1193 3603; x_wconf 88' lang='lat' dir='ltr'>tam</span> 
     </span>
     <span class='ocr_line' id='line_1_30' title="bbox 178 3649 1208 3751; baseline -0.006 -30"><span class='ocrx_word' id='word_1_189' title='bbox 178 3651 325 3751; x_wconf 76' lang='lat' dir='ltr'>&#39;dispari</span> <span class='ocrx_word' id='word_1_190' title='bbox 350 3654 443 3724; x_wconf 92' lang='lat' dir='ltr'>inter</span> <span class='ocrx_word' id='word_1_191' title='bbox 468 3679 506 3725; x_wconf 90' lang='lat' dir='ltr'>se</span> <span class='ocrx_word' id='word_1_192' title='bbox 523 3653 666 3749; x_wconf 87' lang='lat' dir='ltr'>ingenio</span> <span class='ocrx_word' id='word_1_193' title='bbox 688 3651 853 3722; x_wconf 91' lang='lat' dir='ltr'>homines</span> <span class='ocrx_word' id='word_1_194' title='bbox 877 3651 1056 3720; x_wconf 90' lang='lat' dir='ltr'>Victorem</span> <span class='ocrx_word' id='word_1_195' title='bbox 1074 3661 1109 3717; x_wconf 89' lang='lat' dir='ltr'>et</span> <span class='ocrx_word' id='word_1_196' title='bbox 1129 3649 1208 3734; x_wconf 18' lang='lat' dir='ltr'>Au·-</span> 
     </span>
     <span class='ocr_line' id='line_1_31' title="bbox 178 3758 1196 3861; baseline -0.005 -26"><span class='ocrx_word' id='word_1_197' title='bbox 178 3760 373 3860; x_wconf 72' lang='lat' dir='ltr'>&#39;gustinum</span> <span class='ocrx_word' id='word_1_198' title='bbox 400 3768 563 3838; x_wconf 85' lang='lat' dir='ltr'>conferre</span> <span class='ocrx_word' id='word_1_199' title='bbox 585 3766 776 3856; x_wconf 86' lang='lat' dir='ltr'>vellemus,</span> <span class='ocrx_word' id='word_1_200' title='bbox 810 3763 874 3835; x_wconf 87' lang='lat' dir='ltr'>sed</span> <span class='ocrx_word' id='word_1_201' title='bbox 902 3777 942 3833; x_wconf 91' lang='lat' dir='ltr'>nt</span> <span class='ocrx_word' id='word_1_202' title='bbox 970 3762 1111 3861; x_wconf 89' lang='lat' dir='ltr'>planius</span> <span class='ocrx_word' id='word_1_203' title='bbox 1137 3758 1196 3831; x_wconf 65' lang='lat' dir='ltr'>os&#39;·</span> 
     </span>
     <span class='ocr_line' id='line_1_32' title="bbox 164 3877 1196 3980; baseline -0.005 -29"><span class='ocrx_word' id='word_1_204' title='bbox 164 3881 418 3954; x_wconf 42' lang='lat' dir='ltr'>x&#39;tenderemus</span> <span class='ocrx_word' id='word_1_205' title='bbox 437 3909 479 3954; x_wconf 84' lang='lat' dir='ltr'>ex</span> <span class='ocrx_word' id='word_1_206' title='bbox 503 3907 567 3970; x_wconf 87' lang='lat' dir='ltr'>en,</span> <span class='ocrx_word' id='word_1_207' title='bbox 592 3882 691 3980; x_wconf 91' lang='lat' dir='ltr'>quod</span> <span class='ocrx_word' id='word_1_208' title='bbox 709 3881 905 3976; x_wconf 78' lang='lat' dir='ltr'>Augustino</span> <span class='ocrx_word' id='word_1_209' title='bbox 922 3879 1033 3950; x_wconf 89' lang='lat' dir='ltr'>veteri</span> <span class='ocrx_word' id='word_1_210' title='bbox 1058 3877 1196 3980; x_wconf 87' lang='lat' dir='ltr'>Medio-</span> 
     </span>
     <span class='ocr_line' id='line_1_33' title="bbox 190 3988 1196 4088; baseline -0.004 -24"><span class='ocrx_word' id='word_1_211' title='bbox 190 3991 394 4065; x_wconf 78' lang='lat' dir='ltr'>lunensium</span> <span class='ocrx_word' id='word_1_212' title='bbox 419 3995 554 4068; x_wconf 89' lang='lat' dir='ltr'>rhetori</span> <span class='ocrx_word' id='word_1_213' title='bbox 580 3995 771 4066; x_wconf 87' lang='lat' dir='ltr'>christiana</span> <span class='ocrx_word' id='word_1_214' title='bbox 798 3995 851 4064; x_wconf 89' lang='lat' dir='ltr'>vis</span> <span class='ocrx_word' id='word_1_215' title='bbox 880 3993 1079 4081; x_wconf 90' lang='lat' dir='ltr'>addiderat,</span> <span class='ocrx_word' id='word_1_216' title='bbox 1109 3988 1196 4088; x_wconf 88' lang='lat' dir='ltr'>quid</span> 
     </span>
     <span class='ocr_line' id='line_1_34' title="bbox 180 4102 1193 4196; baseline -0.004 -18"><span class='ocrx_word' id='word_1_217' title='bbox 180 4107 431 4180; x_wconf 64' lang='lat' dir='ltr'>&#39;uerisimiliter</span> <span class='ocrx_word' id='word_1_218' title='bbox 448 4111 588 4182; x_wconf 74' lang='lat' dir='ltr'>&#39;Victori</span> <span class='ocrx_word' id='word_1_219' title='bbox 612 4110 735 4196; x_wconf 90' lang='lat' dir='ltr'>etiam,</span> <span class='ocrx_word' id='word_1_220' title='bbox 758 4107 841 4179; x_wconf 87' lang='lat' dir='ltr'>licet</span> <span class='ocrx_word' id='word_1_221' title='bbox 855 4107 1019 4179; x_wconf 82' lang='lat' dir='ltr'>inferiori</span> <span class='ocrx_word' id='word_1_222' title='bbox 1037 4102 1193 4194; x_wconf 90' lang='lat' dir='ltr'>homini,</span> 
     </span>
    </p>
   </div>
   <div class='ocr_carea' id='block_1_3' title="bbox 0 0 1391 4928">
    <p class='ocr_par' dir='ltr' id='par_1_3' title="bbox 0 0 1391 4928">
     <span class='ocr_line' id='line_1_35' title="bbox 0 0 1391 4928; baseline 0 0"><span class='ocrx_word' id='word_1_223' title='bbox 0 0 1391 4928; x_wconf 95' lang='lat' dir='ltr'> </span> 
     </span>
    </p>
   </div>
  </div>
 </body>
</html>
