<?xml version="1.0" encoding="UTF-8"?>
<!DOCTYPE html PUBLIC "-//W3C//DTD XHTML 1.0 Transitional//EN"
    "http://www.w3.org/TR/xhtml1/DTD/xhtml1-transitional.dtd">
<html xmlns="http://www.w3.org/1999/xhtml" xml:lang="en" lang="en">
 <head>
  <title>
</title>
<meta http-equiv="Content-Type" content="text/html;charset=utf-8" />
  <meta name='ocr-system' content='tesseract 3.04.00' />
  <meta name='ocr-capabilities' content='ocr_page ocr_carea ocr_par ocr_line ocrx_word'/>
</head>
<body>
  <div class='ocr_page' id='page_1' title='image "./decaiijuliivict00damigoog_0044.png"; bbox 0 0 2738 4928; ppageno 0'>
   <div class='ocr_carea' id='block_1_1' title="bbox 190 476 1188 697">
    <p class='ocr_par' dir='ltr' id='par_1_1' title="bbox 190 476 1188 697">
     <span class='ocr_line' id='line_1_1' title="bbox 190 476 1187 577; baseline 0.006 -30"><span class='ocrx_word' id='word_1_1' title='bbox 190 477 241 554; x_wconf 89' lang='lat' dir='ltr'>ibi</span> <span class='ocrx_word' id='word_1_2' title='bbox 252 477 398 574; x_wconf 83' lang='lat' dir='ltr'>vestigia</span> <span class='ocrx_word' id='word_1_3' title='bbox 407 476 631 576; x_wconf 82' lang='lat' dir='ltr'>deprehendi</span> <span class='ocrx_word' id='word_1_4' title='bbox 639 493 927 577; x_wconf 80' lang='lat' dir='ltr'>possunt,quam</span> <span class='ocrx_word' id='word_1_5' title='bbox 937 476 1187 561; x_wconf 70' lang='lat' dir='ltr'>triumannbis</span> 
     </span>
     <span class='ocr_line' id='line_1_2' title="bbox 190 592 1188 697; baseline 0.002 -37"><span class='ocrx_word' id='word_1_6' title='bbox 190 606 490 677; x_wconf 87' lang='lat' dir='ltr'>memoratorum,</span> <span class='ocrx_word' id='word_1_7' title='bbox 510 616 664 687; x_wconf 90' lang='lat' dir='ltr'>quorum</span> <span class='ocrx_word' id='word_1_8' title='bbox 676 592 752 689; x_wconf 85' lang='lat' dir='ltr'>jam</span> <span class='ocrx_word' id='word_1_9' title='bbox 768 594 1024 688; x_wconf 84' lang='lat' dir='ltr'>Hermagoram</span> <span class='ocrx_word' id='word_1_10' title='bbox 1041 615 1188 697; x_wconf 56' lang='lat' dir='ltr'>parcen-5</span> 
     </span>
    </p>
   </div>
   <div class='ocr_carea' id='block_1_2' title="bbox 186 702 1185 922">
    <p class='ocr_par' dir='ltr' id='par_1_2' title="bbox 186 702 1185 922">
     <span class='ocr_line' id='line_1_3' title="bbox 186 702 1185 793; baseline 0.003 -21"><span class='ocrx_word' id='word_1_11' title='bbox 186 703 344 793; x_wconf 83' lang='lat' dir='ltr'>suimus,</span> <span class='ocrx_word' id='word_1_12' title='bbox 366 703 412 780; x_wconf 91' lang='lat' dir='ltr'>de</span> <span class='ocrx_word' id='word_1_13' title='bbox 433 703 604 782; x_wconf 82' lang='lat' dir='ltr'>Cicerone</span> <span class='ocrx_word' id='word_1_14' title='bbox 625 728 723 784; x_wconf 86' lang='lat' dir='ltr'>nunc</span> <span class='ocrx_word' id='word_1_15' title='bbox 744 704 996 783; x_wconf 90' lang='lat' dir='ltr'>tantummodo</span> <span class='ocrx_word' id='word_1_16' title='bbox 1020 719 1055 784; x_wconf 86' lang='lat' dir='ltr'>et</span> <span class='ocrx_word' id='word_1_17' title='bbox 1077 702 1185 783; x_wconf 86' lang='lat' dir='ltr'>Fabio</span> 
     </span>
     <span class='ocr_line' id='line_1_4' title="bbox 190 814 888 922; baseline 0 -36"><span class='ocrx_word' id='word_1_18' title='bbox 190 826 272 893; x_wconf 84' lang='lat' dir='ltr'>cum</span> <span class='ocrx_word' id='word_1_19' title='bbox 282 815 428 886; x_wconf 75' lang='lat' dir='ltr'>Victore</span> <span class='ocrx_word' id='word_1_20' title='bbox 440 814 666 896; x_wconf 81' lang='lat' dir='ltr'>conferendis</span> <span class='ocrx_word' id='word_1_21' title='bbox 679 816 888 922; x_wconf 77' lang='lat' dir='ltr'>cogitemus.</span> 
     </span>
    </p>
   </div>
   <div class='ocr_carea' id='block_1_3' title="bbox 606 1005 766 1025">
    <p class='ocr_par' dir='ltr' id='par_1_3' title="bbox 606 1005 766 1025">
     <span class='ocr_line' id='line_1_5' title="bbox 606 1005 766 1025; baseline 0.006 -1"><span class='ocrx_word' id='word_1_22' title='bbox 606 1005 766 1025; x_wconf 41' lang='lat' dir='ltr'><strong>&#39;‘W-⁸·</strong></span> 
     </span>
    </p>
   </div>
   <div class='ocr_carea' id='block_1_4' title="bbox 185 1131 1185 1285">
    <p class='ocr_par' dir='ltr' id='par_1_4' title="bbox 185 1131 1185 1285">
     <span class='ocr_line' id='line_1_6' title="bbox 185 1131 1185 1213; baseline 0 -20"><span class='ocrx_word' id='word_1_23' title='bbox 185 1131 248 1213; x_wconf 70' lang='grc'>52.</span> <span class='ocrx_word' id='word_1_24' title='bbox 265 1137 309 1192; x_wconf 89' lang='lat' dir='ltr'>De</span> <span class='ocrx_word' id='word_1_25' title='bbox 323 1132 425 1212; x_wconf 88' lang='lat' dir='ltr'>triplici</span> <span class='ocrx_word' id='word_1_26' title='bbox 440 1134 550 1193; x_wconf 88' lang='lat' dir='ltr'>ratione</span> <span class='ocrx_word' id='word_1_27' title='bbox 565 1154 623 1212; x_wconf 89' lang='lat' dir='ltr'>qua</span> <span class='ocrx_word' id='word_1_28' title='bbox 637 1135 734 1192; x_wconf 87' lang='lat' dir='ltr'>Victor</span> <span class='ocrx_word' id='word_1_29' title='bbox 749 1135 916 1197; x_wconf 83' lang='lat' dir='ltr'>Ciceronem</span> <span class='ocrx_word' id='word_1_30' title='bbox 930 1148 959 1194; x_wconf 88' lang='lat' dir='ltr'>et</span> <span class='ocrx_word' id='word_1_31' title='bbox 976 1135 1185 1211; x_wconf 82' lang='lat' dir='ltr'>Quintilianum</span> 
     </span>
     <span class='ocr_line' id='line_1_7' title="bbox 592 1238 775 1285; baseline 0 -1"><span class='ocrx_word' id='word_1_32' title='bbox 592 1238 707 1284; x_wconf 81' lang='lat' dir='ltr'>secutus</span> <span class='ocrx_word' id='word_1_33' title='bbox 722 1239 775 1285; x_wconf 84' lang='lat' dir='ltr'>est.</span> 
     </span>
    </p>
   </div>
   <div class='ocr_carea' id='block_1_5' title="bbox 177 1387 1239 4210">
    <p class='ocr_par' dir='ltr' id='par_1_5' title="bbox 180 1387 1239 3412">
     <span class='ocr_line' id='line_1_8' title="bbox 211 1387 1183 1485; baseline 0.002 -26"><span class='ocrx_word' id='word_1_34' title='bbox 211 1392 466 1485; x_wconf 62' lang='lat' dir='ltr'>&gt;Pertractat0‚</span> <span class='ocrx_word' id='word_1_35' title='bbox 490 1388 590 1459; x_wconf 90' lang='lat' dir='ltr'>omni</span> <span class='ocrx_word' id='word_1_36' title='bbox 612 1413 690 1483; x_wconf 82' lang='lat' dir='ltr'>quae</span> <span class='ocrx_word' id='word_1_37' title='bbox 713 1388 750 1458; x_wconf 90' lang='lat' dir='ltr'>in</span> <span class='ocrx_word' id='word_1_38' title='bbox 776 1387 881 1465; x_wconf 92' lang='lat' dir='ltr'>nobis</span> <span class='ocrx_word' id='word_1_39' title='bbox 900 1388 1079 1485; x_wconf 81' lang='lat' dir='ltr'>diligentia</span> <span class='ocrx_word' id='word_1_40' title='bbox 1104 1389 1183 1477; x_wconf 85' lang='lat' dir='ltr'>tuit,</span> 
     </span>
     <span class='ocr_line' id='line_1_9' title="bbox 185 1499 1190 1595; baseline 0.002 -24"><span class='ocrx_word' id='word_1_41' title='bbox 185 1500 337 1571; x_wconf 87' lang='lat' dir='ltr'>Victoris</span> <span class='ocrx_word' id='word_1_42' title='bbox 353 1499 398 1572; x_wconf 90' lang='lat' dir='ltr'>de</span> <span class='ocrx_word' id='word_1_43' title='bbox 414 1500 566 1570; x_wconf 87' lang='lat' dir='ltr'>materiis</span> <span class='ocrx_word' id='word_1_44' title='bbox 582 1511 697 1595; x_wconf 86' lang='lat' dir='ltr'>nuper</span> <span class='ocrx_word' id='word_1_45' title='bbox 710 1503 999 1573; x_wconf 88' lang='lat' dir='ltr'>commemoratis</span> <span class='ocrx_word' id='word_1_46' title='bbox 1017 1502 1190 1586; x_wconf 68' lang='lat' dir='ltr'>universo¹</span> 
     </span>
     <span class='ocr_line' id='line_1_10' title="bbox 183 1604 1239 1712; baseline -0.003 -27"><span class='ocrx_word' id='word_1_47' title='bbox 183 1614 386 1702; x_wconf 89' lang='lat' dir='ltr'>volumine,</span> <span class='ocrx_word' id='word_1_48' title='bbox 406 1612 452 1689; x_wconf 86' lang='lat' dir='ltr'>ad</span> <span class='ocrx_word' id='word_1_49' title='bbox 469 1613 505 1686; x_wconf 87' lang='lat' dir='ltr'>id</span> <span class='ocrx_word' id='word_1_50' title='bbox 517 1613 642 1709; x_wconf 87' lang='lat' dir='ltr'>judicii</span> <span class='ocrx_word' id='word_1_51' title='bbox 669 1612 714 1684; x_wconf 93' lang='lat' dir='ltr'>de</span> <span class='ocrx_word' id='word_1_52' title='bbox 738 1613 874 1686; x_wconf 89' lang='lat' dir='ltr'>ratione</span> <span class='ocrx_word' id='word_1_53' title='bbox 891 1638 963 1711; x_wconf 86' lang='lat' dir='ltr'>qua</span> <span class='ocrx_word' id='word_1_54' title='bbox 981 1612 1137 1691; x_wconf 83' lang='lat' dir='ltr'>Tullium</span> <span class='ocrx_word' id='word_1_55' title='bbox 1151 1625 1190 1712; x_wconf 88' lang='lat' dir='ltr'>et</span> <span class='ocrx_word' id='word_1_56' title='bbox 1229 1604 1239 1629; x_wconf 67' lang='lat'><strong>⁹</strong></span> 
     </span>
     <span class='ocr_line' id='line_1_11' title="bbox 184 1729 1187 1828; baseline -0.002 -23"><span class='ocrx_word' id='word_1_57' title='bbox 184 1729 331 1805; x_wconf 83' lang='lat' dir='ltr'>Fabium</span> <span class='ocrx_word' id='word_1_58' title='bbox 351 1731 510 1827; x_wconf 88' lang='lat' dir='ltr'>sequitur</span> <span class='ocrx_word' id='word_1_59' title='bbox 526 1729 672 1800; x_wconf 87' lang='lat' dir='ltr'>adducti</span> <span class='ocrx_word' id='word_1_60' title='bbox 688 1754 831 1814; x_wconf 89' lang='lat' dir='ltr'>sumus,</span> <span class='ocrx_word' id='word_1_61' title='bbox 855 1744 895 1828; x_wconf 90' lang='lat' dir='ltr'>ut</span> <span class='ocrx_word' id='word_1_62' title='bbox 912 1729 1088 1811; x_wconf 84' lang='lat' dir='ltr'>Gallicum</span> <span class='ocrx_word' id='word_1_63' title='bbox 1106 1754 1187 1803; x_wconf 48' lang='lat' dir='ltr'>nos,</span> 
     </span>
     <span class='ocr_line' id='line_1_12' title="bbox 185 1841 1185 1942; baseline -0.008 -26"><span class='ocrx_word' id='word_1_64' title='bbox 185 1856 280 1916; x_wconf 87' lang='lat' dir='ltr'>trum</span> <span class='ocrx_word' id='word_1_65' title='bbox 297 1842 478 1914; x_wconf 88' lang='lat' dir='ltr'>rhetorem</span> <span class='ocrx_word' id='word_1_66' title='bbox 494 1867 721 1914; x_wconf 89' lang='lat' dir='ltr'>censeremus</span> <span class='ocrx_word' id='word_1_67' title='bbox 740 1858 802 1914; x_wconf 86' lang='lat' dir='ltr'>aut</span> <span class='ocrx_word' id='word_1_68' title='bbox 814 1841 903 1913; x_wconf 91' lang='lat' dir='ltr'>nihil</span> <span class='ocrx_word' id='word_1_69' title='bbox 913 1843 959 1914; x_wconf 91' lang='lat' dir='ltr'>ab</span> <span class='ocrx_word' id='word_1_70' title='bbox 974 1842 1185 1942; x_wconf 66' lang='lat' dir='ltr'>exemplam.</span> 
     </span>
     <span class='ocr_line' id='line_1_13' title="bbox 184 1955 1185 2051; baseline -0.001 -23"><span class='ocrx_word' id='word_1_71' title='bbox 184 1955 252 2033; x_wconf 91' lang='lat' dir='ltr'>bus</span> <span class='ocrx_word' id='word_1_72' title='bbox 271 1957 343 2027; x_wconf 90' lang='lat' dir='ltr'>suis</span> <span class='ocrx_word' id='word_1_73' title='bbox 365 1958 646 2045; x_wconf 57' lang='lat' dir='ltr'>immutare,‚aut</span> <span class='ocrx_word' id='word_1_74' title='bbox 659 1957 822 2051; x_wconf 85' lang='lat' dir='ltr'>quaedam</span> <span class='ocrx_word' id='word_1_75' title='bbox 830 1955 1041 2045; x_wconf 85' lang='lat' dir='ltr'>contrahere</span> <span class='ocrx_word' id='word_1_76' title='bbox 1053 1970 1089 2026; x_wconf 87' lang='lat' dir='ltr'>et</span> <span class='ocrx_word' id='word_1_77' title='bbox 1098 1981 1185 2027; x_wconf 89' lang='lat' dir='ltr'>con·</span> 
     </span>
     <span class='ocr_line' id='line_1_14' title="bbox 186 2067 1185 2166; baseline 0.003 -25"><span class='ocrx_word' id='word_1_78' title='bbox 186 2070 306 2148; x_wconf 87' lang='lat' dir='ltr'>tractis</span> <span class='ocrx_word' id='word_1_79' title='bbox 323 2069 512 2166; x_wconf 84' lang='lat' dir='ltr'>saepissime</span> <span class='ocrx_word' id='word_1_80' title='bbox 533 2067 786 2144; x_wconf 87' lang='lat' dir='ltr'>obscuritatem</span> <span class='ocrx_word' id='word_1_81' title='bbox 807 2070 937 2140; x_wconf 74' lang='lat' dir='ltr'>afferre·</span> <span class='ocrx_word' id='word_1_82' title='bbox 956 2071 1185 2166; x_wconf 85' lang='lat' dir='ltr'>nativamque</span> 
     </span>
     <span class='ocr_line' id='line_1_15' title="bbox 185 2180 1186 2280; baseline 0 -25"><span class='ocrx_word' id='word_1_83' title='bbox 185 2198 408 2271; x_wconf 77' lang='lat' dir='ltr'>venustatem</span> <span class='ocrx_word' id='word_1_84' title='bbox 425 2183 580 2280; x_wconf 87' lang='lat' dir='ltr'>eripere,</span> <span class='ocrx_word' id='word_1_85' title='bbox 605 2196 666 2262; x_wconf 85' lang='lat' dir='ltr'>aut</span> <span class='ocrx_word' id='word_1_86' title='bbox 698 2185 875 2267; x_wconf 82' lang='lat' dir='ltr'>rarissime</span> <span class='ocrx_word' id='word_1_87' title='bbox 898 2207 993 2264; x_wconf 82' lang='lat' dir='ltr'>nova</span> <span class='ocrx_word' id='word_1_88' title='bbox 1012 2180 1186 2280; x_wconf 84' lang='lat' dir='ltr'>aliquaet</span> 
     </span>
     <span class='ocr_line' id='line_1_16' title="bbox 183 2294 1186 2383; baseline 0 -16"><span class='ocrx_word' id='word_1_89' title='bbox 183 2296 371 2371; x_wconf 83' lang='lat' dir='ltr'>immutata</span> <span class='ocrx_word' id='word_1_90' title='bbox 382 2308 418 2365; x_wconf 90' lang='lat' dir='ltr'>et</span> <span class='ocrx_word' id='word_1_91' title='bbox 431 2294 538 2374; x_wconf 87' lang='lat' dir='ltr'>etiam</span> <span class='ocrx_word' id='word_1_92' title='bbox 558 2295 736 2367; x_wconf 87' lang='lat' dir='ltr'>contraria</span> <span class='ocrx_word' id='word_1_93' title='bbox 750 2319 813 2365; x_wconf 88' lang='lat' dir='ltr'>seu</span> <span class='ocrx_word' id='word_1_94' title='bbox 824 2294 984 2365; x_wconf 90' lang='lat' dir='ltr'>Ciceroni</span> <span class='ocrx_word' id='word_1_95' title='bbox 999 2320 1063 2367; x_wconf 89' lang='lat' dir='ltr'>seu</span> <span class='ocrx_word' id='word_1_96' title='bbox 1076 2295 1186 2383; x_wconf 87' lang='lat' dir='ltr'>Quin·</span> 
     </span>
     <span class='ocr_line' id='line_1_17' title="bbox 182 2402 1183 2503; baseline 0 -27"><span class='ocrx_word' id='word_1_97' title='bbox 182 2402 306 2483; x_wconf 81' lang='lat' dir='ltr'>tiliano</span> <span class='ocrx_word' id='word_1_98' title='bbox 332 2427 528 2500; x_wconf 88' lang='lat' dir='ltr'>opponere.</span> <span class='ocrx_word' id='word_1_99' title='bbox 559 2408 630 2474; x_wconf 91' lang='lat' dir='ltr'>Nos</span> <span class='ocrx_word' id='word_1_100' title='bbox 646 2404 810 2501; x_wconf 87' lang='lat' dir='ltr'>quidem,</span> <span class='ocrx_word' id='word_1_101' title='bbox 834 2404 929 2475; x_wconf 89' lang='lat' dir='ltr'>inea</span> <span class='ocrx_word' id='word_1_102' title='bbox 945 2404 1183 2503; x_wconf 77' lang='lat' dir='ltr'>expendendo</span> 
     </span>
     <span class='ocr_line' id='line_1_18' title="bbox 182 2500 1184 2615; baseline 0.005 -27"><span class='ocrx_word' id='word_1_103' title='bbox 182 2541 262 2614; x_wconf 81' lang='lat' dir='ltr'>quae</span> <span class='ocrx_word' id='word_1_104' title='bbox 288 2515 334 2588; x_wconf 90' lang='lat' dir='ltr'>ab</span> <span class='ocrx_word' id='word_1_105' title='bbox 359 2513 536 2590; x_wconf 87' lang='lat' dir='ltr'>ambobus</span> <span class='ocrx_word' id='word_1_106' title='bbox 555 2517 678 2593; x_wconf 85' lang='lat' dir='ltr'>Victor</span> <span class='ocrx_word' id='word_1_107' title='bbox 695 2518 909 2615; x_wconf 87' lang='lat' dir='ltr'>desumpsit,</span> <span class='ocrx_word' id='word_1_108' title='bbox 939 2518 1032 2591; x_wconf 82' lang='lat' dir='ltr'>hanc</span> <span class='ocrx_word' id='word_1_109' title='bbox 1047 2500 1093 2592; x_wconf 83' lang='lat' dir='ltr'>in</span> <span class='ocrx_word' id='word_1_110' title='bbox 1110 2533 1184 2593; x_wconf 91' lang='lat' dir='ltr'>tres</span> 
     </span>
     <span class='ocr_line' id='line_1_19' title="bbox 181 2628 1184 2728; baseline 0 -26"><span class='ocrx_word' id='word_1_111' title='bbox 181 2644 300 2728; x_wconf 87' lang='lat' dir='ltr'>partes</span> <span class='ocrx_word' id='word_1_112' title='bbox 324 2630 374 2705; x_wconf 88' lang='lat' dir='ltr'>ita</span> <span class='ocrx_word' id='word_1_113' title='bbox 396 2643 479 2701; x_wconf 88' lang='lat' dir='ltr'>ante</span> <span class='ocrx_word' id='word_1_114' title='bbox 496 2629 621 2702; x_wconf 87' lang='lat' dir='ltr'>oculos</span> <span class='ocrx_word' id='word_1_115' title='bbox 647 2628 861 2703; x_wconf 89' lang='lat' dir='ltr'>habebimus</span> <span class='ocrx_word' id='word_1_116' title='bbox 888 2629 1123 2721; x_wconf 89' lang='lat' dir='ltr'>divisionem,</span> <span class='ocrx_word' id='word_1_117' title='bbox 1142 2644 1184 2708; x_wconf 90' lang='lat' dir='ltr'>ut</span> 
     </span>
     <span class='ocr_line' id='line_1_20' title="bbox 181 2745 1185 2846; baseline -0.004 -25"><span class='ocrx_word' id='word_1_118' title='bbox 181 2748 340 2846; x_wconf 86' lang='lat' dir='ltr'>primum</span> <span class='ocrx_word' id='word_1_119' title='bbox 377 2748 560 2845; x_wconf 63' lang='lat' dir='ltr'>,praecipua</span> <span class='ocrx_word' id='word_1_120' title='bbox 600 2746 809 2843; x_wconf 80' lang='lat' dir='ltr'>colligamus</span> <span class='ocrx_word' id='word_1_121' title='bbox 846 2771 925 2843; x_wconf 84' lang='lat' dir='ltr'>quoe</span> <span class='ocrx_word' id='word_1_122' title='bbox 957 2745 1185 2831; x_wconf 83' lang='lat' dir='ltr'>adverbum</span> 
     </span>
     <span class='ocr_line' id='line_1_21' title="bbox 183 2856 1183 2958; baseline -0.002 -24"><span class='ocrx_word' id='word_1_123' title='bbox 183 2858 372 2952; x_wconf 74' lang='lat' dir='ltr'>transtulit,</span> <span class='ocrx_word' id='word_1_124' title='bbox 393 2859 578 2939; x_wconf 89' lang='lat' dir='ltr'>deindede</span> <span class='ocrx_word' id='word_1_125' title='bbox 588 2858 655 2930; x_wconf 88' lang='lat' dir='ltr'>illis</span> <span class='ocrx_word' id='word_1_126' title='bbox 665 2856 879 2932; x_wconf 86' lang='lat' dir='ltr'>disseramus</span> <span class='ocrx_word' id='word_1_127' title='bbox 888 2885 967 2958; x_wconf 85' lang='lat' dir='ltr'>quae</span> <span class='ocrx_word' id='word_1_128' title='bbox 981 2858 1183 2932; x_wconf 89' lang='lat' dir='ltr'>obscuravit</span> 
     </span>
     <span class='ocr_line' id='line_1_22' title="bbox 181 2972 1181 3072; baseline 0 -27"><span class='ocrx_word' id='word_1_129' title='bbox 181 2989 219 3054; x_wconf 88' lang='lat' dir='ltr'>et</span> <span class='ocrx_word' id='word_1_130' title='bbox 243 2975 366 3045; x_wconf 84' lang='lat' dir='ltr'>innato</span> <span class='ocrx_word' id='word_1_131' title='bbox 394 2973 554 3072; x_wconf 86' lang='lat' dir='ltr'>quodam</span> <span class='ocrx_word' id='word_1_132' title='bbox 574 2972 675 3071; x_wconf 84' lang='lat' dir='ltr'>apud</span> <span class='ocrx_word' id='word_1_133' title='bbox 692 2974 912 3071; x_wconf 85' lang='lat' dir='ltr'>primigenos</span> <span class='ocrx_word' id='word_1_134' title='bbox 929 2973 1118 3070; x_wconf 85' lang='lat' dir='ltr'>scriptores</span> <span class='ocrx_word' id='word_1_135' title='bbox 1129 2973 1181 3046; x_wconf 82' lang='lat' dir='ltr'>le·</span> 
     </span>
     <span class='ocr_line' id='line_1_23' title="bbox 182 3085 1181 3186; baseline 0 -27"><span class='ocrx_word' id='word_1_136' title='bbox 182 3112 271 3186; x_wconf 87' lang='lat' dir='ltr'>pore</span> <span class='ocrx_word' id='word_1_137' title='bbox 288 3087 448 3176; x_wconf 86' lang='lat' dir='ltr'>nudavit,</span> <span class='ocrx_word' id='word_1_138' title='bbox 467 3087 624 3184; x_wconf 90' lang='lat' dir='ltr'>denique</span> <span class='ocrx_word' id='word_1_139' title='bbox 641 3103 760 3161; x_wconf 83' lang='lat' dir='ltr'>autem</span> <span class='ocrx_word' id='word_1_140' title='bbox 772 3087 819 3157; x_wconf 91' lang='lat' dir='ltr'>de</span> <span class='ocrx_word' id='word_1_141' title='bbox 832 3086 939 3157; x_wconf 88' lang='lat' dir='ltr'>rebus</span> <span class='ocrx_word' id='word_1_142' title='bbox 959 3085 1181 3185; x_wconf 88' lang='lat' dir='ltr'>disputemus</span> 
     </span>
     <span class='ocr_line' id='line_1_24' title="bbox 180 3199 1182 3298; baseline -0.001 -25"><span class='ocrx_word' id='word_1_143' title='bbox 180 3224 271 3298; x_wconf 85' lang='lat' dir='ltr'>quas</span> <span class='ocrx_word' id='word_1_144' title='bbox 299 3211 366 3278; x_wconf 83' lang='lat' dir='ltr'>aut&#39;</span> <span class='ocrx_word' id='word_1_145' title='bbox 383 3201 585 3277; x_wconf 85' lang='lat' dir='ltr'>immutavit</span> <span class='ocrx_word' id='word_1_146' title='bbox 608 3214 670 3279; x_wconf 85' lang='lat' dir='ltr'>aut</span> <span class='ocrx_word' id='word_1_147' title='bbox 698 3199 894 3284; x_wconf 85' lang='lat' dir='ltr'>contrarius</span> <span class='ocrx_word' id='word_1_148' title='bbox 931 3200 1182 3296; x_wconf 82' lang='lat' dir='ltr'>magistrorum</span> 
     </span>
     <span class='ocr_line' id='line_1_25' title="bbox 180 3313 792 3412; baseline -0.007 -26"><span class='ocrx_word' id='word_1_149' title='bbox 180 3339 329 3396; x_wconf 79' lang='lat' dir='ltr'>suorum</span> <span class='ocrx_word' id='word_1_150' title='bbox 342 3314 525 3412; x_wconf 77' lang='lat' dir='ltr'>praeceptis</span> <span class='ocrx_word' id='word_1_151' title='bbox 537 3313 680 3410; x_wconf 88' lang='lat' dir='ltr'>objecit.</span> <span class='ocrx_word' id='word_1_152' title='bbox 790 3397 792 3400; x_wconf 8' lang='grc' dir='ltr'><em>Α</em></span> 
     </span>
    </p>

    <p class='ocr_par' dir='ltr' id='par_1_6' title="bbox 177 3425 1184 4210">
     <span class='ocr_line' id='line_1_26' title="bbox 182 3425 1182 3523; baseline -0.004 -24"><span class='ocrx_word' id='word_1_153' title='bbox 182 3488 183 3491; x_wconf 63' lang='lat'>,</span> <span class='ocrx_word' id='word_1_154' title='bbox 230 3431 446 3523; x_wconf 85' lang='lat' dir='ltr'>Quanquam</span> <span class='ocrx_word' id='word_1_155' title='bbox 467 3425 559 3523; x_wconf 59' lang='lat' dir='ltr'>&#39;quid</span> <span class='ocrx_word' id='word_1_156' title='bbox 583 3427 709 3505; x_wconf 81' lang='lat' dir='ltr'>attinet</span> <span class='ocrx_word' id='word_1_157' title='bbox 729 3441 857 3499; x_wconf 84' lang='lat' dir='ltr'>cuncta</span> <span class='ocrx_word' id='word_1_158' title='bbox 884 3425 1009 3499; x_wconf 87' lang='lat' dir='ltr'>sedulo</span> <span class='ocrx_word' id='word_1_159' title='bbox 1034 3449 1182 3520; x_wconf 66' lang='lat' dir='ltr'>congre-</span> 
     </span>
     <span class='ocr_line' id='line_1_27' title="bbox 182 3535 1183 3636; baseline -0.005 -26"><span class='ocrx_word' id='word_1_160' title='bbox 182 3563 265 3636; x_wconf 87' lang='lat' dir='ltr'>gare</span> <span class='ocrx_word' id='word_1_161' title='bbox 281 3563 360 3634; x_wconf 74' lang='lat' dir='ltr'>quae</span> <span class='ocrx_word' id='word_1_162' title='bbox 376 3563 396 3610; x_wconf 88' lang='lat' dir='ltr'>a</span> <span class='ocrx_word' id='word_1_163' title='bbox 413 3539 584 3608; x_wconf 91' lang='lat' dir='ltr'>Cicerone</span> <span class='ocrx_word' id='word_1_164' title='bbox 606 3535 764 3624; x_wconf 20' lang='lat' dir='ltr'>etanbio</span> <span class='ocrx_word' id='word_1_165' title='bbox 782 3537 983 3632; x_wconf 88' lang='lat' dir='ltr'>composita</span> <span class='ocrx_word' id='word_1_166' title='bbox 1000 3537 1036 3607; x_wconf 93' lang='lat' dir='ltr'>in</span> <span class='ocrx_word' id='word_1_167' title='bbox 1057 3536 1183 3614; x_wconf 68' lang='lat' dir='ltr'>tatem</span> 
     </span>
     <span class='ocr_line' id='line_1_28' title="bbox 177 3647 1181 3747; baseline -0.003 -24"><span class='ocrx_word' id='word_1_168' title='bbox 177 3655 279 3733; x_wconf 77' lang='lat' dir='ltr'>‚ricen</span> <span class='ocrx_word' id='word_1_169' title='bbox 290 3676 390 3729; x_wconf 80' lang='lat' dir='ltr'>suam</span> <span class='ocrx_word' id='word_1_170' title='bbox 403 3649 703 3739; x_wconf 75' lang='lat' dir='ltr'>contulitvictor?</span> <span class='ocrx_word' id='word_1_171' title='bbox 721 3647 871 3721; x_wconf 81' lang='lat' dir='ltr'>Abunde</span> <span class='ocrx_word' id='word_1_172' title='bbox 883 3649 1050 3746; x_wconf 87' lang='lat' dir='ltr'>profecto</span> <span class='ocrx_word' id='word_1_173' title='bbox 1059 3649 1181 3747; x_wconf 75' lang='lat' dir='ltr'>primae</span> 
     </span>
     <span class='ocr_line' id='line_1_29' title="bbox 177 3763 1183 3861; baseline -0.004 -23"><span class='ocrx_word' id='word_1_174' title='bbox 177 3767 289 3852; x_wconf 68' lang='lat' dir='ltr'>tnium</span> <span class='ocrx_word' id='word_1_175' title='bbox 306 3765 524 3848; x_wconf 80' lang='lat' dir='ltr'>divisionum</span> <span class='ocrx_word' id='word_1_176' title='bbox 540 3765 632 3861; x_wconf 89' lang='lat' dir='ltr'>parti</span> <span class='ocrx_word' id='word_1_177' title='bbox 655 3763 766 3835; x_wconf 90' lang='lat' dir='ltr'>modo</span> <span class='ocrx_word' id='word_1_178' title='bbox 783 3763 1042 3861; x_wconf 84' lang='lat' dir='ltr'>descriptarum</span> <span class='ocrx_word' id='word_1_179' title='bbox 1063 3787 1183 3860; x_wconf 74' lang='lat' dir='ltr'>sapen</span> 
     </span>
     <span class='ocr_line' id='line_1_30' title="bbox 183 3877 1182 3976; baseline -0.003 -25"><span class='ocrx_word' id='word_1_180' title='bbox 183 3904 254 3976; x_wconf 89' lang='lat' dir='ltr'>que</span> <span class='ocrx_word' id='word_1_181' title='bbox 267 3878 552 3968; x_wconf 61' lang='lat' dir='ltr'>satisfecerimus</span> <span class='ocrx_word' id='word_1_182' title='bbox 563 3879 592 3949; x_wconf 89' lang='lat' dir='ltr'>si</span> <span class='ocrx_word' id='word_1_183' title='bbox 605 3878 811 3948; x_wconf 88' lang='lat' dir='ltr'>summatim</span> <span class='ocrx_word' id='word_1_184' title='bbox 826 3877 1182 3974; x_wconf 75' lang='lat' dir='ltr'>praenuntiaverimus</span> 
     </span>
     <span class='ocr_line' id='line_1_31' title="bbox 183 3989 1182 4088; baseline -0.005 -25"><span class='ocrx_word' id='word_1_185' title='bbox 183 4007 310 4074; x_wconf 89' lang='lat' dir='ltr'>cuncta</span> <span class='ocrx_word' id='word_1_186' title='bbox 333 3992 405 4063; x_wconf 86' lang='lat' dir='ltr'>sere</span> <span class='ocrx_word' id='word_1_187' title='bbox 425 3991 578 4062; x_wconf 89' lang='lat' dir='ltr'>rhetoris</span> <span class='ocrx_word' id='word_1_188' title='bbox 594 3991 728 4088; x_wconf 88' lang='lat' dir='ltr'>capita,</span> <span class='ocrx_word' id='word_1_189' title='bbox 743 3990 818 4087; x_wconf 87' lang='lat' dir='ltr'>jam</span> <span class='ocrx_word' id='word_1_190' title='bbox 836 3989 920 4061; x_wconf 89' lang='lat' dir='ltr'>inde</span> <span class='ocrx_word' id='word_1_191' title='bbox 941 3989 1182 4060; x_wconf 89' lang='lat' dir='ltr'>acommuni·</span> 
     </span>
     <span class='ocr_line' id='line_1_32' title="bbox 181 4088 1184 4210; baseline -0.004 -34"><span class='ocrx_word' id='word_1_192' title='bbox 181 4104 249 4176; x_wconf 86' lang='lat' dir='ltr'>bus</span> <span class='ocrx_word' id='word_1_193' title='bbox 262 4119 555 4202; x_wconf 83' lang='lat' dir='ltr'>argumentorum</span> <span class='ocrx_word' id='word_1_194' title='bbox 568 4103 655 4174; x_wconf 85' lang='lat' dir='ltr'>locis</span> <span class='ocrx_word' id='word_1_195' title='bbox 668 4102 841 4210; x_wconf 83' lang='lat' dir='ltr'>usquead</span> <span class='ocrx_word' id='word_1_196' title='bbox 855 4102 973 4210; x_wconf 77' lang='lat' dir='ltr'>ipsunt</span> <span class='ocrx_word' id='word_1_197' title='bbox 989 4088 1089 4205; x_wconf 65' lang='lat' dir='ltr'>pene</span> <span class='ocrx_word' id='word_1_198' title='bbox 1101 4117 1184 4210; x_wconf 84' lang='lat' dir='ltr'>ope·</span> 
     </span>
    </p>
   </div>
   <div class='ocr_carea' id='block_1_6' title="bbox 0 0 1374 4928">
    <p class='ocr_par' dir='ltr' id='par_1_7' title="bbox 0 0 1374 4928">
     <span class='ocr_line' id='line_1_33' title="bbox 0 0 1374 4928; baseline 0 1"><span class='ocrx_word' id='word_1_199' title='bbox 0 0 1374 4928; x_wconf 95' lang='lat' dir='ltr'> </span> 
     </span>
    </p>
   </div>
  </div>
 </body>
</html>
