2738 4928
684 321 903 392 —446-

288 485 392 541 cutus
413 485 485 559 est,
502 471 661 541 notiores
682 495 758 542 esse
775 469 963 557 duximuS,
983 493 1092 565 quarn
1115 481 1153 537 ut
1177 465 1294 564 aliqua

289 580 335 653 de
352 584 563 655 iis'inserere
577 597 806 655 tentaremus.
821 580 907 652 lude
925 581 971 652 ad
988 582 1165 652 rationem
1179 595 1293 653 trans·
1345 610 1352 621 ·

288 696 449 767 eundum
474 722 549 767 esse
578 696 875 785 existimavimus,
906 719 975 791 qua
1003 699 1231 788 Hermagorae
1260 710 1294 766 et

287 808 390 878 Tullii
407 825 442 880 et
458 808 555 879 Fabii
572 824 747 907 praecepta
765 809 887 880 Victor
904 807 1087 904 amplexus
1105 820 1174 896 est;
1190 807 1294 903 siqui-

288 929 371 1001 dem
389 930 435 1000 de
453 929 565 1000 tribus
582 929 657 1000 aliis
675 952 783 1026 supra
806 928 945 1026 scriptis
970 927 1057 998 nihil
1084 929 1172 999 certi
1195 953 1294 998 com·

287 1057 429 1142 pertum
446 1058 511 1114 est.
534 1047 575 1113 At
589 1044 797 1140 priusquam
813 1043 884 1113 hoc
896 1067 987 1140 opus
998 1040 1292 1138 aggrederemur,

286 1156 377 1227 nihil
397 1155 501 1227 nobis
516 1157 635 1253 potius
654 1179 730 1224 esse
750 1155 865 1224 visum
883 1170 948 1242 est,
966 1179 1075 1250 quam
1092 1156 1121 1224 si
1138 1154 1295 1251 primum

286 1269 327 1338 C.
358 1268 441 1337 Julii
465 1267 625 1337 Victoria
650 1265 855 1337 Rhetorices
879 1268 995 1338 totius.
1013 1290 1110 1338 xxrn
1137 1267 1295 1364 capitum

285 1381 407 1452 titulos
424 1405 467 1450 ex
492 1379 619 1450 ordine
647 1379 942 1451 describeremus.
975 1385 1056 1467 Quo
1093 1380 1292 1478 descript0,

285 1491 459 1562 universae
475 1507 604 1562 nostrae
623 1491 873 1590 disputationis
890 1518 1068 1564 summam
1085 1494 1122 1563 in
1140 1508 1295 1590 quatuor

284 1604 484 1703 praecipuas
496 1618 613 1701 partes
626 1607 886 1702 separavimus,
906 1630 1058 1702 quarum
1075 1606 1193 1702 prima
1208 1606 1295 1675 Her·

285 1738 448 1810 magone·
462 1728 497 1786 et
522 1713 705 1786 Ciceronis
732 1727 776 1788 et‘
793 1716 1005 1803 Quintiliani
1027 1714 1298 1815 disciplinarum

284 1829 460 1898 rationem
479 1852 499 1899 a
514 1829 659 1899 Victore
675 1829 718 1900 in·
735 1830 992 1927 compendium
1018 1855 1122 1900 sunm
1149 1827 1296 1900 transla-

282 1953 363 2011 tam
380 1939 696 2037 complecteretur3
710 1940 867 2012 secunda
883 1942 1001 2039 ipsum
1018 1966 1083 2040 per
1094 1966 1132 2011 se
1141 1941 1296 2012 Victoris

282 2077 385 2151 opus·
412 2053 645 2149 dijudicatum
680 2054 908 2143 ostenderet3
940 2055 1045 2134 tertia
1069 2051 1298 2152 peculiariter¹

281 2165 364 2238 duo
392 2181 584 2264 postrema,
604 2166 765 2261 ejusdcm
790 2167 836 2238 de
861 2167 1161 2239 sermocinatione
1187 2179 1225 2236 et
1252 2164 1299 2239 de

284 2279 449 2378 eptstnlis
473 2281 587 2378 capita
615 2277 809 2370 illistrata,
841 2295 876 2350 et
903 2295 974 2351 nes
1006 2278 1138 2351 deinde
1168 2302 1190 2350 a
1218 2292 1294 2350 roto

287 2416 401 2489 opere
413 2392 594 2489 generales
613 2392 861 2464 conclusiones
879 2393 1056 2492 profectas
1072 2393 1299 2483 contlnerev,

286 2518 417 2600 quarta
433 2518 560 2575 antem·
572 2518 609 2575 et
621 2504 762 2593 ultima,
786 2503 832 2576 de
852 2529 923 2602 qua
936 2527 1045 2577 nunc
1069 2506 1198 2602 agitur,
1216 2505 1296 2591 uni·

285 2640 425 2687 versam
445 2617 607 2714 opusculi
623 2619 737 2690 nostri
754 2618 1041 2717 explanationem
1057 2619 1295 2716 paucisrevo·

286 2743 405 2800 catam
417 2728 603 2827 praeberet.

336 2843 493 2912 Primam
516 2842 638 2913 statim
660 2843 807 2940 ingressi
826 2853 987 2940 partem,
1007 2843 1192 2914 Victorem
1208 2845 1294 2916 Her·

286 2976 456 3052 magnreo
475 2975 597 3045 more,
619 2974 668 3025 ex*
682 2954 878 3027 Aristotelis
893 2970 928 3026 et
944 2955 1093 3027 rationis
1110 2971 1146 3028 et
1168 2981 1294 3028 recen·

285 3067 419 3138 ti'nmm
436 3066 621 3137 rhetorum
640 3089 832 3158 consensu,
851 3067 1070 3140 rhetoricam
1097 3084 1213 3141 artem
1235 3068 1296 3142 d'e·

288 3178 444 3250 fiiri'vi'sse
461 3164 727 3250 affirmavimus.
748 3183 916 3251 ceterum
934 3205 1008 3252 nou
1027 3183 1169 3274 minus,
1186 3202 1296 3280 quam

288 3292 544 3388 Hermagoras,
571 3288 691 3364 aridus
714 3304 750 3363 et
767 3291 913 3390 jejunus
931 3294 977 3366 de
994 3320 1184 3368 causarum
1201 3294 1295 3369 stati·

287 3403 373 3492 bus,
388 3403 616 3501 enmpotins,
628 3424 736 3500 quam
744 3404 900 3476 Tullium
910 3421 946 3477 et
954 3407 1103 3479 Fabium
1113 3463 1122 3500 ,
1134 3408 1295 3481 cunnus

291 3518 430 3607 Victor,
453 3530 496 3586 ut
508 3512 682 3606 (fiximus,
704 3532 845 3588 secutus
859 3533 924 3609 est,
942 3521 1041 3617 quod
1055 3524 1295 3618 Hermagorae

165 3703 168 3708 ,
289 3625 476 3728 disciplina
499 3626 545 3700 de
570 3650 758 3701 cansarum
785 3632 1122 3726 constitutionibus,
1150 3658 1228 3707 non
1250 3632 1295 3707 all

289 3745 374 3842 ipso·
398 3740 573 3814 Cicerone
596 3754 634 3814 et
663 3741 774 3814 ratio
806 3760 947 3844 spreta,
986 3748 1126 3821 Victori
1149 3748 1296 3821 l'orsitan

171 3880 174 3884 ·
290 3852 494 3953 aptsorvisa
511 3857 558 3926 sit
571 3853 624 3926 ad·
634 3845 789 3952 agendas
805 3858 1018 3954 quotidiana
1034 3854 1294 3934 consuetudine

289 3988 432 4057 cannas,
456 3990 565 4065 qnam
589 3964 753 4041 doctrina
776 3968 822 4042 de
846 3963 973 4043 eadem
995 3998 1035 4043 re
1056 3972 1238 4046 Ciceronis
1259 3989 1302 4048 et*

291 4078 503 4170 Quintiliani
525 4079 707 4152 excelsior.
728 4081 801 4154 Clu
825 4098 946 4156 autem
970 4084 1094 4158 Victor
1113 4086 1295 4184 generales
