2738 4928
579 289 774 368 ..05-

175 447 278 521 illum
302 445 515 541 Gregorium
540 444 802 515 Nazianzenum
832 443 1020 513 nominare
1046 450 1179 512 conce·

176 561 305 650 datur,
332 572 524 653 antequam
557 555 603 626 ad
631 557 775 627 latinos
799 555 981 643 devertar,
1007 553 1111 649 cujus
1138 556 1182 626 ax

177 670 444 770 elegantissimis
461 668 618 766 epistolis
631 682 788 765 quatuor
800 666 847 738 ad
862 665 1080 738 Nicobulum
1094 667 1181 737 arni·

177 812 260 859 cum
291 784 439 881 scriptas
471 782 613 879 excerpi
640 781 741 853 facile
768 795 834 852 est.
872 784 922 851 Ex
957 781 1000 850 iis
1026 793 1183 874 quatuor

176 898 356 997 praecipue
376 921 489 967 unam
509 895 679 990 distingui
696 894 817 983 decet,
845 892 907 964 ubi
925 908 960 964 et
975 892 1131 964 modum
1149 906 1186 964 st

176 1011 295 1083 lucem
325 1024 362 1082 et
387 1011 538 1107 gratiam
562 1023 597 1080 et
612 1009 801 1079 sermonis
825 1006 1088 1105 simplicitatem
1109 1005 1185 1104 epi·

177 1123 276 1195 stolae
294 1122 395 1193 omni
412 1123 527 1193 inesse
541 1121 671 1193 debere
688 1121 873 1192 admonet.

226 1236 357 1307 Graecis
381 1248 503 1306 autem
527 1235 603 1330 jam
628 1235 786 1325 omissis,
812 1234 859 1305 ad
880 1233 1023 1304 Latinos
1045 1232 1187 1330 potissi·

178 1375 281 1421 mum
305 1349 496 1446 scriptores
524 1354 594 1419 'nos
617 1363 891 1436 convertamus,
921 1346 1095 1442 quoniam
1124 1370 1188 1418 eos

178 1476 240 1534 aut
275 1461 380 1533 unice
411 1475 474 1532 aut
507 1461 632 1532 saltem
666 1460 780 1532 multo
812 1459 1044 1555 frequentius,
1077 1482 1188 1554 quam

180 1578 336 1662 Graecos,
358 1572 535 1645 effinxisse
557 1574 679 1644 Victor
699 1588 734 1644 ct
753 1597 828 1643 esse
851 1572 1008 1643 imitatus
1029 1571 1184 1643 videtur.

180 1693 227 1759 Ut
241 1710 362 1784 supra,
383 1687 430 1758 ita
448 1687 556 1757 etiam
573 1712 671 1758 nunc
687 1687 805 1784 primo
822 1685 904 1756 loco
922 1685 1056 1755 Tullius
1079 1708 1192 1756 anno·

180 1801 375 1873 mirandus
398 1815 451 1870 est
467 1824 509 1871 ex
527 1800 591 1892 iis,
611 1824 702 1897 quos
721 1798 789 1870 sibi
812 1798 1002 1869 manifesto
1026 1797 1141 1869 duces
1155 1813 1192 1871 et

181 1928 345 1986 auctores
363 1912 487 1983 rhetor
502 1928 624 1983 noster
639 1912 839 2011 proposuit.
863 1911 929 1982 Hic
953 1910 1025 1982 illic
1044 1911 1084 1982 in
1107 1908 1190 1983 infi-

180 2028 257 2099 nita
286 2027 468 2099 Ciceronis
494 2050 647 2124 operum
672 2027 839 2096 varietate
863 2024 944 2096 loca
972 2039 1188 2115 occurrunt,

181 2166 279 2239 quae,
321 2153 430 2238 prout
461 2163 518 2210 res
552 2139 763 2236 postulabit,
807 2164 890 2210 cum
918 2139 1075 2236 Victoris
1096 2138 1192 2209 simi·

181 2252 275 2325 libus
297 2252 454 2348 quadam
478 2278 519 2323 ex
543 2268 645 2351 parte
660 2254 748 2324 locis
769 2252 1006 2324 conferemus.
1028 2255 1191 2339 Quorum

183 2363 323 2436 nullum
341 2363 503 2461 prolecto
528 2379 600 2434 tam
625 2366 763 2461 insigne
789 2367 921 2436 eminet
945 2379 1071 2436 ettam
1089 2388 1193 2436 accu-

184 2491 258 2546 rate
277 2501 298 2547 a
315 2474 420 2547 nobis
434 2477 627 2547 examinari
640 2477 833 2574 oportebit,
853 2502 962 2573 quam
978 2478 1119 2573 egregia
1133 2477 1193 2550 illa

186 2604 221 2661 et
238 2614 321 2660 vere
347 2592 507 2659 Romana
527 2589 573 2661 de
589 2616 767 2682 sermone,
788 2592 827 2661 in
848 2593 966 2689 primo
988 2589 1034 2660 de
1057 2589 1194 2662 Officiis

184 2701 278 2774 libro
292 2707 315 2794 ¹,
336 2719 523 2801 praecepta.
549 2708 631 2791 Quo
650 2706 796 2801 quidem
812 2706 912 2797 loco,
931 2706 1022 2776 sicut
1041 2704 1128 2776 alias
1154 2705 1192 2774 in

188 2817 352 2889 oratoriis
366 2817 548 2916 operibuS,
562 2819 689 2889 merito
702 2818 835 2890 Tullius
849 2819 937 2889 dixit
952 2817 1194 2890 contentionis

188 2945 362 3027 praecepta
373 2929 558 3001 rhetorum
570 2956 659 3020 esse,
671 2931 769 3002 nulla
782 2931 957 3002 sermonis
971 2931 1194 3027 <Latinorum

189 3041 332 3133 saltem,
353 3043 543 3137 quoniam,
570 3058 610 3114 ut
631 3069 672 3114 ex
687 3045 869 3115 Demetrio
884 3043 1063 3134 vidimus,
1081 3044 1196 3114 Graeci

186 3154 403 3250 jamdudum
424 3155 585 3227 rhetores
612 3155 658 3228 de
682 3157 830 3254 dialogis
855 3172 891 3229 et
912 3157 1070 3256 epistolis
1100 3181 1196 3252 qute-

191 3264 275 3337 dam
289 3267 513 3365 scripserant.
532 3272 747 3365 Quanquam
765 3271 911 3342 fortasse
928 3271 1040 3342 Graeci
1055 3273 1196 3343 tantum

191 3379 237 3450 de
253 3379 435 3453 imitandis
451 3380 673 3454 Platonicum
690 3383 727 3452 in
745 3408 902 3476 morem,
918 3409 994 3455 non
1012 3398 1134 3456 autem
1150 3384 1197 3457 de

189 3491 412 3564 versantibus
436 3495 473 3564 in
500 3496 717 3591 quotidianae
741 3498 851 3596 ipsius
874 3499 954 3570 vitae
967 3499 1115 3570 veritate
1127 3525 1198 3571 ser·

192 3604 359 3676 monibus
373 3607 641 3703 cogitaverant).
663 3612 768 3707 Atqui
782 3611 880 3683 haud
896 3611 985 3683 scire
1003 3635 1041 3681 se
1060 3611 1197 3683 ibidem

193 3718 317 3789 Cicero
335 3718 540 3816 profitetur,
562 3748 608 3794 an
626 3724 764 3820 possint
780 3723 855 3795 haec
879 3748 1025 3822 quoque
1052 3724 1098 3795 de
1126 3750 1198 3796 ser-

193 3852 302 3900 mone
321 3830 557 3931 praecipienda
581 3832 767 3907 rhetorum
793 3858 881 3911 esse.
904 3865 922 3905 α
939 3835 1030 3928 Sed,
1053 3835 1194 3933 inquit,

235 4068 264 4125 l.
285 4063 345 4126 Cic.
365 4067 402 4122 de
417 4064 519 4144 Offic,
534 4071 560 4144 1,
572 4072 615 4151 Ι37
630 4082 658 4128 et
674 4073 723 4130 38.
