2738 4928
577 320 782 392 -.ern-

176 470 369 544 hominnm
381 469 496 558 multi,
511 471 547 540 iu
563 468 853 541 consolationmn·
860 482 1034 567 apparatu
1047 469 1175 559 nimio,-

177 571 440 659 laboraverant.
468 585 530 654 Sin
557 597 678 656 autem
703 583 936 680 posteriorem
968 582 1177 655 sententiam

176 700 279 772 omni
294 713 413 769 mente
430 713 466 770 et
480 699 605 769 animo
620 698 884 794 introspexeris,
902 697 939 767 in
953 695 1103 793 provida
1117 695 1178 781 itta

178 813 223 884 de
242 812 370 883 futuris
392 811 536 884 fortasse
554 810 718 882 tristibus
740 810 942 880 amicornm
957 807 1179 906 temporibus

177 926 373 1022 diligentia,
386 951 498 1022 quum
509 925 652 1022 jocosas
667 937 807 994 nostras
822 921 990 1020 epistolas
1004 922 1175 1017 relegant,

178 1064 302 1111 nonne
321 1039 509 1110 scintillam
525 1037 719 1135 quamdam
735 1051 771 1108 et
784 1044 905 1108 nescio
922 1060 1030 1132 quem
1048 1035 1180 1129 ignieuo

177 1153 253 1224 lum
277 1151 476 1223 christianae
501 1152 597 1223 illius
618 1152 772 1222 caritatis
795 1150 1003 1245 dignoscas,
1034 1172 1115 1244 quae
1141 1148 1179 1216 in

178 1264 342 1338 ethnicos
360 1265 538 1354 homines,
566 1265 674 1336 etiam
694 1264 825 1334 invitos
846 1277 881 1334 et
904 1262 1052 1348 inscios,
1072 1261 1181 1330 inter*

178 1379 274 1451 dum·
292 1377 583 1450 diffundebatur?
602 1376 675 1448 Sed
697 1376 797 1447 hanc·
821 1375 918 1445 docti
941 1398 1008 1471 pro
1031 1371 1181 1442 arbitrio

178 1492 566 1591 suointerpretentnm
593 1490 701 1562 nobis
714 1512 814 1560 ¹vero
837 1488 922 1558 satis
949 1487 994 1556 sit
1009 1486 1050 1556 id.
1067 1485 1182 1555 obiter

178 1608 392 1704 conjecturae
404 1603 828 1702 attulldse,'quae.sorsitan
844 1626 887 1672 eo
904 1600 1037 1671 facilius
1048 1597 1185 1684 destrtai
1292 1683 1295 1689 ¹

179 1736 311 1820 potest,
331 1721 431 1818 quod
455 1723 573 1818 ipsum
597 1720 696 1791 hunc
716 1709 871 1792 Victoris
891 1740 1035 1791 sensum
1058 1714 1097 1792 in
1120 1723 1184 1795 ali·

181 1858 284 1932 quoe
296 1836 442 1906 vetustis
457 1834 702 1932 scriptoribus,
718 1835 779 1931 qui
793 1833 959 1932 quaedam
974 1834 1184 1910 deamicitia

180 1946 418 2035 tradiderunt,
432 1947 592 2019 eruditus
602 1948 833 2045 antiquarum
843 1949 1185 2046 rerum-disquisitor

180 2060 366 2132 inveniret.
383 2064 582 2158 Antequam
595 2061 701 2132 abiis
713 2063 872 2158 quinque
886 2061 932 2132 de
940 2063 1092 2150 ratione,
1109 2086 1183 2157 qua

181 2173 371 2246 familiares
393 2175 561 2272 epistolas
583 2176 729 2263 Victor,
752 2173 957 2245 scribendas
979 2199 1056 2244 esse
1083 2173 1184 2245 duxit

181 2288 472 2359 annotationibus
486 2286 557 2359 alio
571 2287 769 2385 degrediar,
784 2302 917 2357 sextam
933 2286 980 2357 de
995 2285 1092 2356 hisce
1106 2287 1185 2358 rlre·

181 2401 398 2471 tornasset
413 2402 547 2474 verbis¹
563 2402 717 2498 adjicere
735 2401 861 2478 liceat:
886 2433 903 2471 «
913 2402 1035 2472 Graece.
1049 2398 1184 2497 aliquid

181 2511 314 2584 addere
331 2513 456 2586 litteris
472 2540 581 2589 suave
600 2534 665 2606 est,
685 2520 714 2589 si
738 2518 775 2589 id
794 2538 911 2616 neque
935 2517 1184 2620 intempestive

180 2648 299 2722 neque
323 2627 451 2698 crebro
471 2629 587 2700 lanias.
612 2661 629 2695 n
655 2635 781 2702 Nonne
805 2631 882 2702 haec
903 2631 1187 2730 argumentatio-³
1290 2672 1293 2682 ·

180 2756 445 2811 nemnostram
467 2764 582 2838 supra·
596 2743 813 2815 conclusam·
825 2745 1178 2846 refellas-videntur,

179 2874 262 2949 quaa
274 2851 429 2926 diximus
456 2857 570 2927 Graeci
596 2856 774 2928 sermonis
794 2880 905 2928 usum·
925 2861 1037 2932 multo
1061 2865 1182 2938 minus

178 2967 331 3038 Victoris
349 2984 448 3040 aetate
463 2969 559 3069 apud
576 2973 718 3042 Latinos
734 2972 935 3068 scriptores,
952 2976 1062 3071 qnam
1079 2979 1178 3052 Cice·

179 3079 282 3150 ronis
291 3094 325 3150 et
339 3081 548 3167 Quintiliani
560 3107 656 3175 aevo,
671 3106 746 3154 esse
760 3082 1004 3157 celebratum?
1016 3092 1098 3160 Haec
1112 3116 1178 3188 ego

178 3189 461 3289 haudquaquam
477 3196 655 3267 contraria
679 3219 754 3268 esse
778 3198 831 3286 iis,
851 3216 930 3295 quae
955 3201 1053 3298 prius
1076 3226 1096 3273 a
1121 3226 1179 3276 me

178 3302 357 3402 disputata
382 3322 465 3379 sunt
487 3311 511 3399 ²,
540 3309 706 3382 arbitror.
741 3310 922 3409 Nusquam
952 3315 1047 3385 enim
1077 3316 1173 3387 affir-

179 3420 294 3511 mari,
326 3445 443 3519 neque
478 3428 610 3496 Graea-
640 3424 794 3520 linguae,
820 3450 938 3523 neque
967 3430 1176 3501 Graecorum

179 3547 366 3608 auctorum
393 3537 691 3609 consuetudinem
717 3539 859 3636 penitus
884 3563 959 3610 esse
982 3539 1027 3611 de
1052 3542 1183 3615 medio·

178 3645 369 3741 sublatam,
404 3652 499 3748 apud
534 3677 572 3724 1v
612 3651 729 3723 saeculi
768 3653 912 3724 Latinos
942 3654 1108 3727 homines
1142 3668 1182 3729 et

179 3761 378 3859 scriptores.
408 3765 517 3850 Quod
541 3764 676 3838 adooa
700 3783 786 3837 vero
808 3776 987 3838 remotum
1008 3781 1117 3861 esset,
1138 3786 1178 3844 ut

216 4019 245 4077 l.
266 4016 298 4076 G,
313 4019 341 4079 J.
357 4017 445 4092 Vict,
460 4037 528 4096 cap.
543 4029 640 4093 xxvtt,
656 4028 691 4096 p‘:
704 4019 772 4079 tas.

215 4107 255 4168 ἢ
267 4105 345 4166 Vide
354 4122 386 4185 pr
403 4108 511 4168 tauto.
