2738 4928
562 317 779 390 ...20-

178 461 332 558 lautein,
365 467 540 567 propositi
569 466 725 558 habere,
756 464 825 536 nisi
854 478 892 534 ut
923 463 1122 562 praecipuas
1152 479 1187 536 et

178 582 285 654 etiam
312 581 570 676 uulgatissimas
593 580 736 666 dicendi
754 579 849 674 leges
867 576 913 648 ad
933 577 1075 672 juvenis
1092 578 1185 650 illius

177 692 417 790 (quicumque
451 693 517 789 sit)
548 692 766 764 intellectum
797 703 912 788 aptet,
942 690 1044 785 cujus
1074 691 1185 787 gratia

177 807 431 904 conscripsisse
448 804 580 876 librum
598 806 690 876 Maio
709 804 803 874 visus
822 819 874 873 est
894 803 1028 873 Victor.

179 976 182 980 .
228 923 346 1006 Quem
361 918 508 1016 quidem
518 917 670 989 rhetoris
683 915 795 988 nostri
807 914 931 1003 finem,
943 913 1187 988 humillimum

178 1031 354 1132 prolecto,
389 1030 452 1101 sed
478 1045 615 1102 certum
646 1044 681 1100 et
711 1029 810 1101 facile
834 1026 1120 1122 dignoscendum
1152 1042 1186 1100 ct

178 1145 313 1241 ubique
324 1141 370 1214 ad
389 1168 445 1214 res
461 1143 497 1212 in
517 1144 588 1214 vita
604 1141 776 1238 gerendas
795 1140 1018 1227 traductum,
1035 1141 1063 1210 si
1081 1141 1187 1237 plane

176 1254 486 1353 perspexerimus,
507 1253 760 1351 perspiciemus
787 1248 892 1321 simul
914 1275 1024 1347 quare
1043 1255 1188 1322 Herma·

178 1391 325 1462 goream
337 1366 477 1464 potius,
493 1389 601 1461 quam
614 1364 812 1436 Tullianam
834 1376 869 1433 et
884 1362 1077 1433 Fabianam
1093 1364 1186 1434 viam

178 1480 358 1574 ingressus
372 1480 435 1571 sit,
448 1503 523 1550 non
536 1480 648 1550 modo
661 1480 697 1548 in
712 1479 753 1548 iis
766 1502 845 1574 quae
859 1476 905 1547 ad
918 1475 1114 1548 rhetorices
1127 1475 1187 1547 de·

178 1589 395 1678 finitionem,
407 1590 470 1662 sed
484 1593 590 1662 etiarn
604 1592 642 1662 in
655 1591 803 1686 hisquae
816 1589 1062 1662 adcausarum
1076 1604 1187 1660 status

177 1718 216 1776 et
240 1704 435 1775 divisiones
465 1719 499 1775 et
524 1718 820 1799 argumentorum
846 1702 946 1773 locos
967 1703 1183 1773 referuntur.

176 1819 352 1903 Quamvis
392 1817 488 1887 enim
519 1816 693 1888 acerrima
729 1814 966 1915 philosophiae
999 1814 1187 1910 sagacitate

178 1951 369 2020 causarum
391 1930 664 2000 constitutiones
685 1929 799 1999 Tullio
820 1927 1052 2025 disquirenti,
1075 1927 1185 1998 veris·

175 2043 270 2114 sime
292 2042 478 2112 universos
502 2066 691 2113 causarum
712 2055 843 2127 statuS,
865 2039 1058 2136 dequibus
1077 2053 1188 2112 totac

179 2170 254 2227 tam
278 2156 417 2227 diversa
436 2154 597 2226 rhetores
614 2154 752 2251 antiqui
768 2178 787 2224 a
805 2153 1026 2240 Quintiliano
1045 2177 1187 2224 merno-

180 2269 249 2339 rati
265 2268 548 2364 disputaverunt,
569 2266 614 2338 ad
634 2269 701 2337 tria
715 2266 791 2336 haec
803 2265 1039 2362 quaestionum
1058 2288 1188 2359 genera

179 2403 245 2450 seu
262 2379 452 2450 rationales
468 2371 531 2450 seu
548 2377 677 2474 legales
695 2378 818 2449 reduci
832 2394 868 2449 et
881 2403 985 2476 posse
1002 2392 1038 2473 et
1056 2376 1188 2450 dehere

181 2492 400 2591 apparuerit,
414 2481 473 2562 ¹ad
502 2492 747 2587 conjecturam
768 2493 917 2584 scilicet,
948 2506 984 2562 et
999 2474 1129 2582 finem,
1155 2507 1190 2564 et

181 2603 410 2700 qualitatem¹
423 2629 432 2692 3
452 2606 616 2698 quamvis
628 2604 868 2689 Quintilianus
877 2605 952 2701 ipse
965 2628 1110 2675 assensu
1121 2628 1187 2676 suo

180 2715 337 2787 lu‘cidam
368 2715 576 2789 brevitatem
603 2715 887 2813 approbaverit²,
909 2741 980 2812 qua
1001 2716 1127 2787 Cicero
1151 2717 1188 2789 in

180 2828 342 2900 virilibus
366 2828 413 2898 de
437 2831 588 2900 Oratore
612 2828 711 2899 libris
730 2853 773 2900 ea
794 2828 1026 2900 damnaverat
1050 2853 1131 2926 quae
1152 2828 1188 2900 in

179 2938 507 3028 commentariolis,
529 2955 568 3010 ut
584 2941 654 3030 ait,
672 2965 693 3012 a
708 2966 823 3040 puero
840 2941 1018 3012 inchoatis
1035 2941 1083 3013 ab
1101 2946 1188 3013 Her·

182 3076 331 3149 magora
342 3067 594 3150 assumpserat,
606 3067 642 3124 et
653 3076 725 3149 qua
743 3055 781 3124 in
799 3055 863 3126 tria
879 3053 954 3125 haec
972 3055 1092 3124 sitne?
1104 3051 1192 3151 quid

181 3168 259 3237 sit?
277 3165 383 3263 quale
402 3167 474 3235 sit?
497 3190 730 3261 quaecumque
756 3182 818 3237 aut
843 3167 880 3237 iu
906 3167 1189 3238 controversiam

183 3279 296 3352 autin
316 3279 586 3349 contentionem
603 3279 780 3369 venirent,
798 3293 1036 3368 contraxerat,
1056 3278 1187 3350 nihilo·

182 3393 303 3465 minus
326 3416 514 3463 causarum
540 3392 810 3464 constitutiones
834 3391 1017 3463 dividendi
1035 3393 1126 3464 ratio
1144 3389 1188 3464 ab

182 3511 403 3602 Hermagora
446 3505 607 3577 instituta
643 3531 764 3577 causas
806 3506 1003 3577 dicentium
1047 3506 1189 3578 utilitati

183 3620 337 3690 maxime
364 3618 636 3690 accommodata
661 3634 748 3691 erat.
778 3618 886 3705 Quod
918 3619 992 3716 ipse
1025 3602 1185 3710 Tullius,

183 3814 187 3821 ’
225 3811 323 3872 heic.
334 3815 370 3869 de
382 3815 510 3889 Oratore,
521 3818 561 3887 II,
573 3818 664 3875 25-26
673 3839 681 3890 ;
691 3817 728 3878 cl.
743 3820 855 3887 Orator,
867 3837 930 3896 cap.
939 3820 989 3889 34,
999 3817 1030 3875 iu
1043 3835 1103 3894 quo
1114 3836 1187 3895 pau·

183 3901 277 3962 lulum
295 3901 390 3980 specie
404 3902 517 3961 diversa
536 3904 572 3962 de
586 3924 737 3964 causarum
752 3906 906 3986 generibus
921 3907 1022 3966 Cicero
1034 3906 1187 3985 proponit,

183 4010 286 4052 revera
298 4003 394 4049 autem
406 3992 487 4050 lacile
497 3992 534 4050 ad
544 3994 675 4052 eamdem
690 3995 846 4072 disciplinae
857 3997 998 4055 rationem
1009 3995 1185 4055 reducenda.

224 4097 255 4152 2.
278 4090 411 4167 Quintil,
435 4093 494 4165 111,
520 4096 554 4164 6,
576 4096 688 4170 56-603
711 4098 770 4168 111,
795 4099 829 4169 6,
855 4099 904 4156 80.
968 4180 971 4185 ι
