2738 4928
587 309 808 383 -st-·

181 468 227 534 Et
242 462 325 534 ideo
342 485 409 533 nec
421 459 571 531 historia
580 456 755 531 occultior
769 457 948 555 addenda,
964 483 1189 559 necprover·

180 575 282 647 bium
294 573 462 670 ignotius,
477 571 699 646 antverbum
715 573 899 663 cariosius,
911 588 973 646 aut
990 572 1105 671 ligura
1121 597 1188 670 pu·
1207 632 1210 639 .

180 687 310 780 tidior;
331 712 449 785 neque
472 686 561 759 dum
584 700 776 785 amputatae
792 685 959 758 brevitati
975 685 1111 776 studes,
1131 684 1188 756 di-

180 801 336 873 midiatae
353 799 536 871 sententiae
553 799 598 870 sit
621 799 853 896 intelligentia
876 799 1106 898 requirenda,
1121 823 1189 870 nec

180 900 354 984 dilatione
369 910 565 983 verborum
591 925 627 982 et
654 913 761 998 anxio
789 912 950 984 struendi
975 913 1099 985 labore
1127 911 1190 982 lux

143 1111 145 1116 .
180 1023 378 1097 obruenda.
389 1023 560 1120 Epistola,
573 1023 602 1094 si
616 1024 793 1122 superiori
806 1023 951 1117 scribas,
965 1050 1011 1096 ne
1019 1023 1191 1120 jocularis

179 1137 246 1228 sit;
267 1137 297 1208 si
312 1137 404 1234 pari,
423 1160 470 1207 ne
486 1136 704 1227 inhumana3
724 1137 752 1207 si
772 1136 944 1229 inferiori,
960 1162 1005 1209 ne
1016 1135 1187 1235 superba,

132 1336 135 1342 Ι
179 1273 299 1345 neque
316 1246 427 1319 docto
444 1248 642 1342 incuriose,
663 1274 781 1347 neque
806 1249 956 1321 indocto
975 1247 1188 1345 diligentem

178 1388 247 1434 nec
263 1362 557 1459 conjunctissimo
571 1363 798 1455 translaticio,
810 1387 878 1434 nec
892 1363 1011 1433 minus
1024 1362 1191 1434 familiari

179 1500 254 1546 non
273 1476 399 1547 amice.
422 1479 514 1566 Rem⁴
535 1474 731 1548 secundam
747 1475 920 1574 prolixius
936 1474 1129 1572 gratulare,
1150 1488 1192 1545 ut

179 1587 272 1661 illius
290 1587 459 1684 gaudium
478 1587 626 1660 extollas
646 1616 654 1659 :
676 1612 789 1685 quum
807 1585 971 1659 offendas
988 1585 1189 1679 dolentem,

177 1699 341 1798 pauculis
365 1698 565 1787 consolare,
585 1699 685 1797 quod
714 1698 815 1770 ulcus
841 1699 949 1770 etiam
975 1724 1059 1771 cum
1082 1699 1193 1798 plana
1253 1722 1256 1727 '

179 1847 289 1894 manu
302 1822 471 1918 tangitur,
487 1836 706 1893 cruentatur.
722 1826 775 1895 lta
786 1822 824 1893 in
840 1821 966 1894 litteris
983 1848 1067 1893 cum
1086 1822 1192 1895 fami·

177 1920 326 2007 liaribus
344 1934 459 2024 ludes,
479 1950 519 2006 ut
544 1950 665 2008 tamen
691 1937 824 2033 cogites
841 1960 947 2035 posse
971 1936 1131 2028 evenire,
1152 1950 1193 2007 ut

178 2041 239 2121 eas
260 2048 392 2119 litteras
411 2047 531 2144 legant
547 2062 711 2146 tempore
735 2049 1063 2144 tristiorelurgari
1092 2074 1191 2119 nun·

178 2185 288 2257 quam
313 2175 476 2260 oportet,
506 2162 570 2232 sed
593 2161 751 2260 epistolae
772 2161 934 2231 minime.
963 2160 1191 2232 Praefationes

179 2297 221 2345 ac
238 2272 519 2370 subscriptiones
535 2273 734 2346 litterarum
752 2273 1005 2372 computandae
1020 2288 1106 2344 sunt
1121 2297 1189 2372 pro

181 2384 390 2456 discrimine
419 2387 581 2458 amicitiae
605 2402 667 2459 aut
696 2388 890 2485 dignitatis,
909 2388 1031 2460 habita
1050 2389 1190 2461 ratione

179 2498 464 2571 consuetudinis.
486 2501 692 2574 Rescribere
718 2503 768 2573 sic
795 2517 955 2602 oportet,
976 2516 1018 2575 ut
1043 2501 1187 2596 litterae,

179 2612 312 2712 quibus
328 2614 525 2712 respondes
541 2640 615 2714 prae
635 2640 745 2687 manu
763 2617 846 2705 sint,
866 2616 1017 2714 nequid
1038 2617 1096 2688 cui
1116 2642 1190 2688 res·

179 2725 310 2825 ponsio
335 2751 426 2826 opus
450 2727 507 2819 sit,
527 2728 573 2800 de
589 2731 764 2801 memoria
786 2731 919 2802 ellluat.
941 2728 1192 2803 Observabant

179 2855 317 2913 veteres
329 2842 516 2914 carissimis
531 2868 596 2916 sua
607 2868 717 2915 manu
734 2843 903 2934 scribere,
917 2844 974 2914 vel
990 2827 1190 2941 plurimum

179 2951 418 3025 subscribere.
439 2957 757 3027 Commendatitias
771 2954 924 3028 fideliter
939 2956 1044 3047 dato,
1065 2970 1128 3027 ant
1144 2980 1191 3027 ne

180 3065 280 3137 dato.
303 3067 344 3136 ld
361 3065 435 3158 fret,
455 3068 485 3138 si
501 3068 713 3140 amicissime
733 3068 835 3148 dabis
855 3070 902 3140 ad
918 3069 1188 3158 amicissimum,

180 3193 216 3248 et
234 3178 262 3249 si
279 3177 466 3276 probabile
482 3195 594 3279 petes,
614 3196 649 3253 et
674 3181 703 3252 si
732 3179 966 3279 impetrabile.
987 3183 1109 3253 Graece
1127 3181 1192 3252 ali·

180 3289 270 3388 quid
289 3289 422 3363 addere
440 3290 564 3367 litteris
582 3317 691 3365 suave
706 3308 771 3383 est,
793 3294 823 3364 si
850 3293 888 3365 id
912 3318 1030 3392 neque
1058 3294 1192 3365 intem-

179 3405 315 3502 pestive
329 3430 446 3504 neque
463 3405 591 3478 crebro
610 3407 715 3479 facies
733 3437 741 3478 :
761 3423 796 3480 et
814 3407 1009 3507 proverbio
1040 3409 1090 3478 uti
1115 3432 1191 3498 non

178 3517 305 3615 ignoto
332 3519 635 3618 percommodum
654 3534 720 3614 est,
742 3536 779 3593 et
795 3521 971 3594 versiculo
1001 3534 1064 3593 aut
1089 3535 1192 3618 parte

180 3657 317 3704 versus.
332 3632 510 3730 Lepidum
522 3647 576 3704 est
588 3658 852 3734 nonnunquam
864 3635 966 3732 quasi
978 3649 1192 3732 praesentem

179 3741 329 3840 alloqui,
350 3745 402 3814 uti
418 3744 504 3815 deus
526 3742 586 3816 tul
613 3760 650 3818 et
667 3745 850 3844 quiduis?
874 3762 910 3820 et
926 3745 1022 3818 redeo
1044 3763 1077 3817 te
1096 3744 1193 3816 deri-

58 3904 65 3921 .
178 3854 263 3927 dere
283 3882 291 3925 ι
312 3855 412 3954 quod
438 3882 552 3954 genus
579 3860 676 3957 apud
703 3865 751 3932 M.
770 3861 924 3933 Tullium
951 3861 1064 3932 multa
1092 3872 1190 3932 sunt.

178 3968 250 4042 Sed
267 3967 356 4062 haec,
374 3983 414 4039 ut
432 3969 517 4061 dixi,
535 3972 573 4043 in
591 3972 823 4045 familiaribus
838 3975 963 4046 litteris
986 4001 993 4045 :
1012 3999 1097 4047 nam
1120 3972 1194 4044 illa·

179 4107 262 4156 rum
279 4081 430 4156 aliarum
446 4085 617 4159 severitas
632 4086 748 4184 major
762 4102 829 4160 est.
845 4092 887 4159 ln
904 4111 1047 4161 summa
1062 4085 1101 4158 id
1115 4107 1191 4158 me·
