<?xml version="1.0" encoding="UTF-8"?>
<!DOCTYPE html PUBLIC "-//W3C//DTD XHTML 1.0 Transitional//EN"
    "http://www.w3.org/TR/xhtml1/DTD/xhtml1-transitional.dtd">
<html xmlns="http://www.w3.org/1999/xhtml" xml:lang="en" lang="en">
 <head>
  <title>
</title>
<meta http-equiv="Content-Type" content="text/html;charset=utf-8" />
  <meta name='ocr-system' content='tesseract 3.04.00' />
  <meta name='ocr-capabilities' content='ocr_page ocr_carea ocr_par ocr_line ocrx_word'/>
</head>
<body>
  <div class='ocr_page' id='page_1' title='image "./decaiijuliivict00damigoog_0115.png"; bbox 0 0 2738 4928; ppageno 0'>
   <div class='ocr_carea' id='block_1_1' title="bbox 592 313 810 384">
    <p class='ocr_par' dir='ltr' id='par_1_1' title="bbox 592 313 810 384">
     <span class='ocr_line' id='line_1_1' title="bbox 592 313 810 384; baseline 0 -2"><span class='ocrx_word' id='word_1_1' title='bbox 592 313 810 384; x_wconf 82' lang='lat' dir='ltr'>-l00-</span> 
     </span>
    </p>
   </div>
   <div class='ocr_carea' id='block_1_2' title="bbox 145 459 1213 4177">
    <p class='ocr_par' dir='ltr' id='par_1_2' title="bbox 145 459 1208 3720">
     <span class='ocr_line' id='line_1_2' title="bbox 205 459 1204 560; baseline -0.002 -26"><span class='ocrx_word' id='word_1_2' title='bbox 205 477 333 545; x_wconf 86' lang='lat' dir='ltr'>contra</span> <span class='ocrx_word' id='word_1_3' title='bbox 352 459 594 560; x_wconf 82' lang='lat' dir='ltr'>copiosissima</span> <span class='ocrx_word' id='word_1_4' title='bbox 613 459 900 531; x_wconf 85' lang='lat' dir='ltr'><strong>testimoniorum</strong></span> <span class='ocrx_word' id='word_1_5' title='bbox 919 459 1078 532; x_wconf 89' lang='lat' dir='ltr'>ubertate</span> <span class='ocrx_word' id='word_1_6' title='bbox 1102 486 1204 533; x_wconf 92' lang='lat' dir='ltr'>com-</span> 
     </span>
     <span class='ocr_line' id='line_1_3' title="bbox 204 571 1202 674; baseline 0 -28"><span class='ocrx_word' id='word_1_7' title='bbox 204 575 430 674; x_wconf 76' lang='lat' dir='ltr'>probaretur,</span> <span class='ocrx_word' id='word_1_8' title='bbox 454 571 551 671; x_wconf 91' lang='lat' dir='ltr'>apud</span> <span class='ocrx_word' id='word_1_9' title='bbox 568 573 741 671; x_wconf 90' lang='lat' dir='ltr'>plurimos</span> <span class='ocrx_word' id='word_1_10' title='bbox 761 571 867 668; x_wconf 87' lang='lat' dir='ltr'>hujus</span> <span class='ocrx_word' id='word_1_11' title='bbox 884 573 1002 645; x_wconf 78' lang='lat' dir='ltr'>saeculi</span> <span class='ocrx_word' id='word_1_12' title='bbox 1024 589 1202 668; x_wconf 87' lang='lat' dir='ltr'>auctores,</span> 
     </span>
     <span class='ocr_line' id='line_1_4' title="bbox 204 685 1207 786; baseline 0 -27"><span class='ocrx_word' id='word_1_13' title='bbox 204 689 268 786; x_wconf 94' lang='lat' dir='ltr'>qui</span> <span class='ocrx_word' id='word_1_14' title='bbox 289 688 397 759; x_wconf 90' lang='lat' dir='ltr'>latine</span> <span class='ocrx_word' id='word_1_15' title='bbox 422 688 650 786; x_wconf 88' lang='lat' dir='ltr'>scripserunt,</span> <span class='ocrx_word' id='word_1_16' title='bbox 676 685 871 782; x_wconf 88' lang='lat' dir='ltr'>quamdam</span> <span class='ocrx_word' id='word_1_17' title='bbox 895 687 1008 757; x_wconf 76' lang='lat' dir='ltr'>Grmci</span> <span class='ocrx_word' id='word_1_18' title='bbox 1032 689 1207 759; x_wconf 91' lang='lat' dir='ltr'>sermonis</span> 
     </span>
     <span class='ocr_line' id='line_1_5' title="bbox 145 798 1208 899; baseline -0.003 -24"><span class='ocrx_word' id='word_1_19' title='bbox 145 889 146 893; x_wconf 7' lang='grc' dir='ltr'><strong>Ἰ</strong></span> <span class='ocrx_word' id='word_1_20' title='bbox 203 801 373 875; x_wconf 74' lang='lat' dir='ltr'>notitiam,</span> <span class='ocrx_word' id='word_1_21' title='bbox 393 814 428 872; x_wconf 89' lang='lat' dir='ltr'>et</span> <span class='ocrx_word' id='word_1_22' title='bbox 449 798 770 896; x_wconf 85' lang='lat' dir='ltr'>frequentationem</span> <span class='ocrx_word' id='word_1_23' title='bbox 790 799 945 895; x_wconf 85' lang='lat' dir='ltr'>agnosci.</span> <span class='ocrx_word' id='word_1_24' title='bbox 965 804 1088 896; x_wconf 91' lang='lat' dir='ltr'>ltaque</span> <span class='ocrx_word' id='word_1_25' title='bbox 1110 801 1208 899; x_wconf 88' lang='lat' dir='ltr'>apud</span> 
     </span>
     <span class='ocr_line' id='line_1_6' title="bbox 204 911 1206 1012; baseline 0.001 -26"><span class='ocrx_word' id='word_1_26' title='bbox 204 915 414 1001; x_wconf 83' lang='lat' dir='ltr'>Ausonium,</span> <span class='ocrx_word' id='word_1_27' title='bbox 443 913 539 1011; x_wconf 90' lang='lat' dir='ltr'>apud</span> <span class='ocrx_word' id='word_1_28' title='bbox 563 911 818 1009; x_wconf 85' lang='lat' dir='ltr'>Symmachum</span> <span class='ocrx_word' id='word_1_29' title='bbox 842 912 940 1007; x_wconf 82' lang='lat' dir='ltr'>(licet</span> <span class='ocrx_word' id='word_1_30' title='bbox 964 914 1078 995; x_wconf 79' lang='lat' dir='ltr'>rarius</span> <span class='ocrx_word' id='word_1_31' title='bbox 1109 915 1206 1012; x_wconf 92' lang='lat' dir='ltr'>apud</span> 
     </span>
     <span class='ocr_line' id='line_1_7' title="bbox 204 1025 1205 1122; baseline 0.003 -25"><span class='ocrx_word' id='word_1_32' title='bbox 204 1026 331 1121; x_wconf 86' lang='lat' dir='ltr'>hunc),</span> <span class='ocrx_word' id='word_1_33' title='bbox 342 1042 377 1098; x_wconf 91' lang='lat' dir='ltr'>et</span> <span class='ocrx_word' id='word_1_34' title='bbox 389 1025 475 1098; x_wconf 92' lang='lat' dir='ltr'>alios</span> <span class='ocrx_word' id='word_1_35' title='bbox 492 1051 534 1098; x_wconf 91' lang='lat' dir='ltr'>ea</span> <span class='ocrx_word' id='word_1_36' title='bbox 549 1041 651 1098; x_wconf 81' lang='lat' dir='ltr'>aetate</span> <span class='ocrx_word' id='word_1_37' title='bbox 666 1031 832 1097; x_wconf 81' lang='lat' dir='ltr'>Romame</span> <span class='ocrx_word' id='word_1_38' title='bbox 846 1025 1205 1122; x_wconf 84' lang='lat' dir='ltr'>linguaeetelegantiae</span> 
     </span>
     <span class='ocr_line' id='line_1_8' title="bbox 204 1137 1205 1234; baseline -0.003 -21"><span class='ocrx_word' id='word_1_39' title='bbox 204 1139 376 1228; x_wconf 83' lang='lat' dir='ltr'>vindices,</span> <span class='ocrx_word' id='word_1_40' title='bbox 390 1142 595 1211; x_wconf 79' lang='lat' dir='ltr'>Graecarum</span> <span class='ocrx_word' id='word_1_41' title='bbox 608 1138 807 1209; x_wconf 87' lang='lat' dir='ltr'>litterarum</span> <span class='ocrx_word' id='word_1_42' title='bbox 817 1137 1030 1232; x_wconf 81' lang='lat' dir='ltr'>cognitionis</span> <span class='ocrx_word' id='word_1_43' title='bbox 1042 1138 1205 1234; x_wconf 84' lang='lat' dir='ltr'>quaedam</span> 
     </span>
     <span class='ocr_line' id='line_1_9' title="bbox 205 1249 1205 1351; baseline -0.001 -28"><span class='ocrx_word' id='word_1_44' title='bbox 205 1254 350 1348; x_wconf 87' lang='lat' dir='ltr'>vestigia</span> <span class='ocrx_word' id='word_1_45' title='bbox 367 1255 521 1351; x_wconf 90' lang='lat' dir='ltr'>reperias</span> <span class='ocrx_word' id='word_1_46' title='bbox 527 1280 537 1341; x_wconf 88' lang='lat'>;</span> <span class='ocrx_word' id='word_1_47' title='bbox 556 1253 646 1325; x_wconf 90' lang='lat' dir='ltr'>adeo</span> <span class='ocrx_word' id='word_1_48' title='bbox 662 1267 720 1342; x_wconf 91' lang='lat' dir='ltr'>ut,</span> <span class='ocrx_word' id='word_1_49' title='bbox 738 1253 777 1323; x_wconf 90' lang='lat' dir='ltr'>iu</span> <span class='ocrx_word' id='word_1_50' title='bbox 795 1252 873 1349; x_wconf 84' lang='lat' dir='ltr'>ipso</span> <span class='ocrx_word' id='word_1_51' title='bbox 887 1249 1088 1321; x_wconf 86' lang='lat' dir='ltr'>litterarum</span> <span class='ocrx_word' id='word_1_52' title='bbox 1105 1276 1205 1322; x_wconf 87' lang='lat' dir='ltr'>com·</span> 
     </span>
     <span class='ocr_line' id='line_1_10' title="bbox 203 1365 1208 1462; baseline 0 -26"><span class='ocrx_word' id='word_1_53' title='bbox 203 1367 356 1458; x_wconf 88' lang='lat' dir='ltr'>merci0,</span> <span class='ocrx_word' id='word_1_54' title='bbox 379 1366 477 1438; x_wconf 91' lang='lat' dir='ltr'>docti</span> <span class='ocrx_word' id='word_1_55' title='bbox 500 1366 592 1438; x_wconf 93' lang='lat' dir='ltr'>illius</span> <span class='ocrx_word' id='word_1_56' title='bbox 617 1367 726 1438; x_wconf 86' lang='lat' dir='ltr'>aetatis</span> <span class='ocrx_word' id='word_1_57' title='bbox 747 1366 913 1438; x_wconf 89' lang='lat' dir='ltr'>homines</span> <span class='ocrx_word' id='word_1_58' title='bbox 937 1390 1047 1461; x_wconf 85' lang='lat' dir='ltr'>graece</span> <span class='ocrx_word' id='word_1_59' title='bbox 1071 1365 1208 1462; x_wconf 92' lang='lat' dir='ltr'>aliquid</span> 
     </span>
     <span class='ocr_line' id='line_1_11' title="bbox 203 1479 1206 1553; baseline 0 -3"><span class='ocrx_word' id='word_1_60' title='bbox 203 1494 265 1551; x_wconf 88' lang='lat' dir='ltr'>aut</span> <span class='ocrx_word' id='word_1_61' title='bbox 281 1481 399 1552; x_wconf 90' lang='lat' dir='ltr'>vincta</span> <span class='ocrx_word' id='word_1_62' title='bbox 416 1496 476 1552; x_wconf 87' lang='lat' dir='ltr'>aut</span> <span class='ocrx_word' id='word_1_63' title='bbox 498 1480 615 1553; x_wconf 91' lang='lat' dir='ltr'>soluta</span> <span class='ocrx_word' id='word_1_64' title='bbox 637 1482 799 1552; x_wconf 91' lang='lat' dir='ltr'>oratione</span> <span class='ocrx_word' id='word_1_65' title='bbox 820 1481 959 1552; x_wconf 91' lang='lat' dir='ltr'>dictum</span> <span class='ocrx_word' id='word_1_66' title='bbox 977 1479 1130 1553; x_wconf 86' lang='lat' dir='ltr'>libenter</span> <span class='ocrx_word' id='word_1_67' title='bbox 1150 1481 1206 1550; x_wconf 91' lang='lat' dir='ltr'>in·</span> 
     </span>
     <span class='ocr_line' id='line_1_12' title="bbox 202 1592 1206 1691; baseline -0.004 -24"><span class='ocrx_word' id='word_1_68' title='bbox 202 1609 322 1667; x_wconf 83' lang='lat' dir='ltr'>serant</span> <span class='ocrx_word' id='word_1_69' title='bbox 346 1609 380 1666; x_wconf 90' lang='lat' dir='ltr'>et</span> <span class='ocrx_word' id='word_1_70' title='bbox 404 1620 480 1665; x_wconf 91' lang='lat' dir='ltr'>non</span> <span class='ocrx_word' id='word_1_71' title='bbox 502 1592 613 1666; x_wconf 91' lang='lat' dir='ltr'>semel</span> <span class='ocrx_word' id='word_1_72' title='bbox 637 1608 821 1691; x_wconf 88' lang='lat' dir='ltr'>usurpent.</span> <span class='ocrx_word' id='word_1_73' title='bbox 850 1599 1018 1666; x_wconf 81' lang='lat' dir='ltr'>Attamen.</span> <span class='ocrx_word' id='word_1_74' title='bbox 1043 1593 1206 1664; x_wconf 83' lang='lat' dir='ltr'>manifes-</span> 
     </span>
     <span class='ocr_line' id='line_1_13' title="bbox 202 1705 1205 1802; baseline -0.002 -23"><span class='ocrx_word' id='word_1_75' title='bbox 202 1721 280 1779; x_wconf 88' lang='lat' dir='ltr'>tum</span> <span class='ocrx_word' id='word_1_76' title='bbox 297 1705 467 1802; x_wconf 93' lang='lat' dir='ltr'>estquod</span> <span class='ocrx_word' id='word_1_77' title='bbox 484 1706 650 1795; x_wconf 85' lang='lat' dir='ltr'>diximus,</span> <span class='ocrx_word' id='word_1_78' title='bbox 671 1731 800 1802; x_wconf 89' lang='lat' dir='ltr'>nempe</span> <span class='ocrx_word' id='word_1_79' title='bbox 818 1705 1078 1797; x_wconf 89' lang='lat' dir='ltr'>multominus,</span> <span class='ocrx_word' id='word_1_80' title='bbox 1096 1730 1205 1802; x_wconf 90' lang='lat' dir='ltr'>quam</span> 
     </span>
     <span class='ocr_line' id='line_1_14' title="bbox 205 1818 1203 1915; baseline 0.001 -25"><span class='ocrx_word' id='word_1_81' title='bbox 205 1834 323 1909; x_wconf 88' lang='lat' dir='ltr'>antea,</span> <span class='ocrx_word' id='word_1_82' title='bbox 340 1820 457 1915; x_wconf 90' lang='lat' dir='ltr'>largos</span> <span class='ocrx_word' id='word_1_83' title='bbox 472 1844 549 1898; x_wconf 81' lang='lat' dir='ltr'>esse</span> <span class='ocrx_word' id='word_1_84' title='bbox 565 1835 599 1890; x_wconf 92' lang='lat' dir='ltr'>et</span> <span class='ocrx_word' id='word_1_85' title='bbox 617 1818 791 1891; x_wconf 85' lang='lat' dir='ltr'>secundos</span> <span class='ocrx_word' id='word_1_86' title='bbox 810 1834 845 1890; x_wconf 89' lang='lat' dir='ltr'>et</span> <span class='ocrx_word' id='word_1_87' title='bbox 863 1818 1097 1911; x_wconf 86' lang='lat' dir='ltr'>exundantes,</span> <span class='ocrx_word' id='word_1_88' title='bbox 1116 1821 1203 1891; x_wconf 89' lang='lat' dir='ltr'>veri·</span> 
     </span>
     <span class='ocr_line' id='line_1_15' title="bbox 203 1932 1205 2029; baseline -0.001 -24"><span class='ocrx_word' id='word_1_89' title='bbox 203 1933 309 2005; x_wconf 90' lang='lat' dir='ltr'>simili</span> <span class='ocrx_word' id='word_1_90' title='bbox 318 1934 470 2006; x_wconf 88' lang='lat' dir='ltr'>Victoris</span> <span class='ocrx_word' id='word_1_91' title='bbox 483 1947 595 2021; x_wconf 87' lang='lat' dir='ltr'>aetate,</span> <span class='ocrx_word' id='word_1_92' title='bbox 607 1932 755 2005; x_wconf 89' lang='lat' dir='ltr'>haustus</span> <span class='ocrx_word' id='word_1_93' title='bbox 765 1932 858 2023; x_wconf 90' lang='lat' dir='ltr'>illos,</span> <span class='ocrx_word' id='word_1_94' title='bbox 870 1934 945 2029; x_wconf 91' lang='lat' dir='ltr'>qui,</span> <span class='ocrx_word' id='word_1_95' title='bbox 958 1958 977 2003; x_wconf 93' lang='lat' dir='ltr'>e</span> <span class='ocrx_word' id='word_1_96' title='bbox 988 1933 1119 2005; x_wconf 86' lang='lat' dir='ltr'>Graecis</span> <span class='ocrx_word' id='word_1_97' title='bbox 1130 1932 1205 2004; x_wconf 85' lang='lat' dir='ltr'>lon·</span> 
     </span>
     <span class='ocr_line' id='line_1_16' title="bbox 201 2046 1203 2144; baseline 0.003 -27"><span class='ocrx_word' id='word_1_98' title='bbox 201 2046 297 2119; x_wconf 91' lang='lat' dir='ltr'>tibus</span> <span class='ocrx_word' id='word_1_99' title='bbox 314 2047 424 2136; x_wconf 89' lang='lat' dir='ltr'>ducti,</span> <span class='ocrx_word' id='word_1_100' title='bbox 444 2046 552 2144; x_wconf 89' lang='lat' dir='ltr'>pleno</span> <span class='ocrx_word' id='word_1_101' title='bbox 569 2071 632 2118; x_wconf 90' lang='lat' dir='ltr'>ore</span> <span class='ocrx_word' id='word_1_102' title='bbox 650 2062 883 2121; x_wconf 87' lang='lat' dir='ltr'>manaverunt</span> <span class='ocrx_word' id='word_1_103' title='bbox 900 2063 935 2119; x_wconf 89' lang='lat' dir='ltr'>et</span> <span class='ocrx_word' id='word_1_104' title='bbox 948 2048 986 2118; x_wconf 92' lang='lat' dir='ltr'>in</span> <span class='ocrx_word' id='word_1_105' title='bbox 1003 2046 1203 2120; x_wconf 89' lang='lat' dir='ltr'>uberrimos</span> 
     </span>
     <span class='ocr_line' id='line_1_17' title="bbox 201 2159 1204 2256; baseline 0.002 -27"><span class='ocrx_word' id='word_1_106' title='bbox 201 2159 298 2231; x_wconf 91' lang='lat' dir='ltr'>rivos</span> <span class='ocrx_word' id='word_1_107' title='bbox 311 2160 538 2248; x_wconf 87' lang='lat' dir='ltr'>effluxerunt,</span> <span class='ocrx_word' id='word_1_108' title='bbox 555 2159 768 2246; x_wconf 85' lang='lat' dir='ltr'>Quintiliani</span> <span class='ocrx_word' id='word_1_109' title='bbox 776 2173 810 2230; x_wconf 89' lang='lat' dir='ltr'>et</span> <span class='ocrx_word' id='word_1_110' title='bbox 822 2159 995 2256; x_wconf 87' lang='lat' dir='ltr'>imprimis</span> <span class='ocrx_word' id='word_1_111' title='bbox 1004 2159 1108 2230; x_wconf 88' lang='lat' dir='ltr'>Tullii</span> <span class='ocrx_word' id='word_1_112' title='bbox 1118 2175 1204 2231; x_wconf 91' lang='lat' dir='ltr'>tem·</span> 
     </span>
     <span class='ocr_line' id='line_1_18' title="bbox 201 2266 1204 2367; baseline 0.004 -27"><span class='ocrx_word' id='word_1_113' title='bbox 201 2269 362 2367; x_wconf 86' lang='lat' dir='ltr'>poribus.</span> <span class='ocrx_word' id='word_1_114' title='bbox 379 2275 427 2342; x_wconf 76' lang='lat' dir='ltr'>Ac</span> <span class='ocrx_word' id='word_1_115' title='bbox 443 2271 773 2366; x_wconf 87' lang='lat' dir='ltr'>praetereaminime</span> <span class='ocrx_word' id='word_1_116' title='bbox 789 2266 839 2361; x_wconf 92' lang='lat' dir='ltr'>id,</span> <span class='ocrx_word' id='word_1_117' title='bbox 854 2271 1040 2367; x_wconf 87' lang='lat' dir='ltr'>diligenter</span> <span class='ocrx_word' id='word_1_118' title='bbox 1053 2273 1204 2346; x_wconf 88' lang='lat' dir='ltr'>Victoris</span> 
     </span>
     <span class='ocr_line' id='line_1_19' title="bbox 202 2381 1203 2482; baseline 0.006 -30"><span class='ocrx_word' id='word_1_119' title='bbox 202 2381 333 2468; x_wconf 90' lang='lat' dir='ltr'>librum</span> <span class='ocrx_word' id='word_1_120' title='bbox 350 2383 557 2478; x_wconf 87' lang='lat' dir='ltr'>inquirenti,</span> <span class='ocrx_word' id='word_1_121' title='bbox 575 2383 780 2479; x_wconf 89' lang='lat' dir='ltr'>negandum</span> <span class='ocrx_word' id='word_1_122' title='bbox 797 2399 862 2475; x_wconf 91' lang='lat' dir='ltr'>est,</span> <span class='ocrx_word' id='word_1_123' title='bbox 879 2385 1023 2474; x_wconf 90' lang='lat' dir='ltr'>scilicet,</span> <span class='ocrx_word' id='word_1_124' title='bbox 1042 2386 1203 2482; x_wconf 90' lang='lat' dir='ltr'>quamvis</span> 
     </span>
     <span class='ocr_line' id='line_1_20' title="bbox 203 2494 1204 2593; baseline 0.003 -27"><span class='ocrx_word' id='word_1_125' title='bbox 203 2495 384 2566; x_wconf 91' lang='lat' dir='ltr'>Ciceronis</span> <span class='ocrx_word' id='word_1_126' title='bbox 411 2494 574 2592; x_wconf 90' lang='lat' dir='ltr'>exemplo</span> <span class='ocrx_word' id='word_1_127' title='bbox 599 2495 742 2586; x_wconf 84' lang='lat' dir='ltr'>ductus,</span> <span class='ocrx_word' id='word_1_128' title='bbox 760 2496 797 2565; x_wconf 94' lang='lat' dir='ltr'>in</span> <span class='ocrx_word' id='word_1_129' title='bbox 822 2497 979 2593; x_wconf 91' lang='lat' dir='ltr'>epistolis</span> <span class='ocrx_word' id='word_1_130' title='bbox 1004 2523 1115 2592; x_wconf 83' lang='lat' dir='ltr'>graece</span> <span class='ocrx_word' id='word_1_131' title='bbox 1146 2497 1204 2570; x_wconf 58' lang='lat' dir='ltr'>alis</span> 
     </span>
     <span class='ocr_line' id='line_1_21' title="bbox 202 2607 1205 2708; baseline 0.003 -30"><span class='ocrx_word' id='word_1_132' title='bbox 202 2608 291 2705; x_wconf 92' lang='lat' dir='ltr'>quid</span> <span class='ocrx_word' id='word_1_133' title='bbox 308 2607 470 2679; x_wconf 90' lang='lat' dir='ltr'>additum</span> <span class='ocrx_word' id='word_1_134' title='bbox 493 2633 600 2680; x_wconf 91' lang='lat' dir='ltr'>suave</span> <span class='ocrx_word' id='word_1_135' title='bbox 618 2634 693 2680; x_wconf 92' lang='lat' dir='ltr'>esse</span> <span class='ocrx_word' id='word_1_136' title='bbox 715 2609 821 2701; x_wconf 83' lang='lat' dir='ltr'>dicat,</span> <span class='ocrx_word' id='word_1_137' title='bbox 842 2624 877 2681; x_wconf 90' lang='lat' dir='ltr'>et</span> <span class='ocrx_word' id='word_1_138' title='bbox 900 2609 976 2686; x_wconf 85' lang='lat' dir='ltr'>aliis</span> <span class='ocrx_word' id='word_1_139' title='bbox 999 2610 1205 2708; x_wconf 91' lang='lat' dir='ltr'>compendii</span> 
     </span>
     <span class='ocr_line' id='line_1_22' title="bbox 201 2721 1205 2819; baseline 0.003 -27"><span class='ocrx_word' id='word_1_140' title='bbox 201 2723 256 2793; x_wconf 92' lang='lat' dir='ltr'>sui</span> <span class='ocrx_word' id='word_1_141' title='bbox 273 2721 360 2792; x_wconf 92' lang='lat' dir='ltr'>locis</span> <span class='ocrx_word' id='word_1_142' title='bbox 377 2724 579 2806; x_wconf 81' lang='lat' dir='ltr'>Graecorum</span> <span class='ocrx_word' id='word_1_143' title='bbox 597 2722 812 2819; x_wconf 91' lang='lat' dir='ltr'>scriptorum</span> <span class='ocrx_word' id='word_1_144' title='bbox 829 2721 989 2819; x_wconf 85' lang='lat' dir='ltr'>exempla</span> <span class='ocrx_word' id='word_1_145' title='bbox 1005 2736 1041 2792; x_wconf 91' lang='lat' dir='ltr'>et</span> <span class='ocrx_word' id='word_1_146' title='bbox 1057 2724 1205 2795; x_wconf 89' lang='lat' dir='ltr'>nomina</span> 
     </span>
     <span class='ocr_line' id='line_1_23' title="bbox 202 2834 1203 2931; baseline 0.003 -24"><span class='ocrx_word' id='word_1_147' title='bbox 202 2849 378 2907; x_wconf 86' lang='lat' dir='ltr'>memoret</span> <span class='ocrx_word' id='word_1_148' title='bbox 399 2836 534 2924; x_wconf 85' lang='lat' dir='ltr'>Victor,</span> <span class='ocrx_word' id='word_1_149' title='bbox 561 2834 794 2906; x_wconf 88' lang='lat' dir='ltr'>nihilominus</span> <span class='ocrx_word' id='word_1_150' title='bbox 817 2848 934 2905; x_wconf 90' lang='lat' dir='ltr'>totum</span> <span class='ocrx_word' id='word_1_151' title='bbox 959 2859 1072 2931; x_wconf 91' lang='lat' dir='ltr'>prope</span> <span class='ocrx_word' id='word_1_152' title='bbox 1096 2835 1203 2931; x_wconf 88' lang='lat' dir='ltr'>hujus</span> 
     </span>
     <span class='ocr_line' id='line_1_24' title="bbox 203 2947 1205 3045; baseline 0.002 -27"><span class='ocrx_word' id='word_1_153' title='bbox 203 2973 294 3045; x_wconf 93' lang='lat' dir='ltr'>opus</span> <span class='ocrx_word' id='word_1_154' title='bbox 312 2974 356 3018; x_wconf 91' lang='lat' dir='ltr'>ex</span> <span class='ocrx_word' id='word_1_155' title='bbox 368 2950 576 3019; x_wconf 89' lang='lat' dir='ltr'>Latinorum</span> <span class='ocrx_word' id='word_1_156' title='bbox 591 2947 734 3019; x_wconf 91' lang='lat' dir='ltr'>dicendi</span> <span class='ocrx_word' id='word_1_157' title='bbox 749 2947 999 3042; x_wconf 87' lang='lat' dir='ltr'>magistrorum</span> <span class='ocrx_word' id='word_1_158' title='bbox 1013 2948 1153 3019; x_wconf 89' lang='lat' dir='ltr'>ratione</span> <span class='ocrx_word' id='word_1_159' title='bbox 1170 2963 1205 3020; x_wconf 91' lang='lat' dir='ltr'>et</span> 
     </span>
     <span class='ocr_line' id='line_1_25' title="bbox 203 3058 1204 3158; baseline -0.001 -25"><span class='ocrx_word' id='word_1_160' title='bbox 203 3060 312 3133; x_wconf 89' lang='lat' dir='ltr'>viaet</span> <span class='ocrx_word' id='word_1_161' title='bbox 331 3061 509 3149; x_wconf 87' lang='lat' dir='ltr'>scribendi</span> <span class='ocrx_word' id='word_1_162' title='bbox 527 3086 656 3156; x_wconf 86' lang='lat' dir='ltr'>genere</span> <span class='ocrx_word' id='word_1_163' title='bbox 678 3058 866 3158; x_wconf 87' lang='lat' dir='ltr'>proficisci.</span> <span class='ocrx_word' id='word_1_164' title='bbox 887 3060 996 3148; x_wconf 88' lang='lat' dir='ltr'>Quod</span> <span class='ocrx_word' id='word_1_165' title='bbox 1020 3060 1111 3132; x_wconf 90' lang='lat' dir='ltr'>adeo</span> <span class='ocrx_word' id='word_1_166' title='bbox 1139 3087 1204 3132; x_wconf 81' lang='lat' dir='ltr'>ve-</span> 
     </span>
     <span class='ocr_line' id='line_1_26' title="bbox 203 3172 1205 3271; baseline 0.002 -26"><span class='ocrx_word' id='word_1_167' title='bbox 203 3199 284 3245; x_wconf 90' lang='lat' dir='ltr'>rum</span> <span class='ocrx_word' id='word_1_168' title='bbox 308 3198 383 3244; x_wconf 92' lang='lat' dir='ltr'>esse</span> <span class='ocrx_word' id='word_1_169' title='bbox 408 3172 517 3244; x_wconf 92' lang='lat' dir='ltr'>libere</span> <span class='ocrx_word' id='word_1_170' title='bbox 542 3172 710 3261; x_wconf 89' lang='lat' dir='ltr'>dixerim,</span> <span class='ocrx_word' id='word_1_171' title='bbox 728 3187 767 3243; x_wconf 92' lang='lat' dir='ltr'>ut</span> <span class='ocrx_word' id='word_1_172' title='bbox 787 3174 907 3262; x_wconf 79' lang='lat' dir='ltr'>etiam,</span> <span class='ocrx_word' id='word_1_173' title='bbox 928 3198 1041 3271; x_wconf 91' lang='lat' dir='ltr'>quum</span> <span class='ocrx_word' id='word_1_174' title='bbox 1057 3178 1205 3247; x_wconf 89' lang='lat' dir='ltr'>Herma-</span> 
     </span>
     <span class='ocr_line' id='line_1_27' title="bbox 204 3285 1204 3383; baseline 0.003 -26"><span class='ocrx_word' id='word_1_175' title='bbox 204 3310 350 3383; x_wconf 89' lang='lat' dir='ltr'>goream</span> <span class='ocrx_word' id='word_1_176' title='bbox 367 3285 591 3382; x_wconf 86' lang='lat' dir='ltr'>disciplinam</span> <span class='ocrx_word' id='word_1_177' title='bbox 610 3285 655 3357; x_wconf 94' lang='lat' dir='ltr'>de</span> <span class='ocrx_word' id='word_1_178' title='bbox 680 3310 867 3370; x_wconf 84' lang='lat' dir='ltr'>causarum</span> <span class='ocrx_word' id='word_1_179' title='bbox 890 3287 1204 3364; x_wconf 86' lang='lat' dir='ltr'>constitutionibus</span> 
     </span>
     <span class='ocr_line' id='line_1_28' title="bbox 204 3397 1202 3501; baseline 0.005 -31"><span class='ocrx_word' id='word_1_180' title='bbox 204 3414 399 3486; x_wconf 90' lang='lat' dir='ltr'>mutuatur,</span> <span class='ocrx_word' id='word_1_181' title='bbox 413 3397 506 3469; x_wconf 90' lang='lat' dir='ltr'>hanc</span> <span class='ocrx_word' id='word_1_182' title='bbox 520 3412 638 3501; x_wconf 87' lang='lat' dir='ltr'>tamen</span> <span class='ocrx_word' id='word_1_183' title='bbox 652 3399 783 3471; x_wconf 88' lang='lat' dir='ltr'>Latinis</span> <span class='ocrx_word' id='word_1_184' title='bbox 795 3400 1004 3498; x_wconf 88' lang='lat' dir='ltr'>plerumque</span> <span class='ocrx_word' id='word_1_185' title='bbox 1014 3399 1202 3498; x_wconf 81' lang='lat' dir='ltr'>exemplis,</span> 
     </span>
     <span class='ocr_line' id='line_1_29' title="bbox 202 3512 1203 3603; baseline 0.003 -19"><span class='ocrx_word' id='word_1_186' title='bbox 202 3514 380 3599; x_wconf 81' lang='lat' dir='ltr'>rarissime</span> <span class='ocrx_word' id='word_1_187' title='bbox 406 3528 525 3583; x_wconf 90' lang='lat' dir='ltr'>autem</span> <span class='ocrx_word' id='word_1_188' title='bbox 549 3512 693 3603; x_wconf 72' lang='lat' dir='ltr'>Graecis,</span> <span class='ocrx_word' id='word_1_189' title='bbox 713 3513 875 3599; x_wconf 86' lang='lat' dir='ltr'>illustret.</span> <span class='ocrx_word' id='word_1_190' title='bbox 896 3515 966 3586; x_wconf 87' lang='lat' dir='ltr'>Sed</span> <span class='ocrx_word' id='word_1_191' title='bbox 982 3515 1070 3592; x_wconf 73' lang='lat' dir='ltr'>haec,</span> <span class='ocrx_word' id='word_1_192' title='bbox 1083 3515 1203 3589; x_wconf 89' lang='lat' dir='ltr'>hacte-</span> 
     </span>
     <span class='ocr_line' id='line_1_30' title="bbox 204 3651 285 3720; baseline -0.037 -23"><span class='ocrx_word' id='word_1_193' title='bbox 204 3651 285 3720; x_wconf 80' lang='lat' dir='ltr'>nus.</span> 
     </span>
    </p>

    <p class='ocr_par' dir='ltr' id='par_1_3' title="bbox 201 3738 1213 4177">
     <span class='ocr_line' id='line_1_31' title="bbox 235 3738 1213 3838; baseline 0.006 -33"><span class='ocrx_word' id='word_1_194' title='bbox 235 3743 368 3828; x_wconf 76' lang='lat' dir='ltr'>Nunc,</span> <span class='ocrx_word' id='word_1_195' title='bbox 389 3751 579 3833; x_wconf 87' lang='lat' dir='ltr'>postquam</span> <span class='ocrx_word' id='word_1_196' title='bbox 604 3739 757 3832; x_wconf 89' lang='lat' dir='ltr'>singula,</span> <span class='ocrx_word' id='word_1_197' title='bbox 781 3755 896 3837; x_wconf 57' lang='lat' dir='ltr'>prout,</span> <span class='ocrx_word' id='word_1_198' title='bbox 908 3738 1025 3826; x_wconf 89' lang='lat' dir='ltr'>licuit,</span> <span class='ocrx_word' id='word_1_199' title='bbox 1048 3740 1213 3838; x_wconf 84' lang='lat' dir='ltr'>expendi.</span> 
     </span>
     <span class='ocr_line' id='line_1_32' title="bbox 204 3849 1200 3949; baseline 0.003 -28"><span class='ocrx_word' id='word_1_200' title='bbox 204 3875 282 3947; x_wconf 86' lang='lat' dir='ltr'>quae</span> <span class='ocrx_word' id='word_1_201' title='bbox 298 3849 345 3919; x_wconf 92' lang='lat' dir='ltr'>ad</span> <span class='ocrx_word' id='word_1_202' title='bbox 360 3849 589 3946; x_wconf 82' lang='lat' dir='ltr'>praecipiendi</span> <span class='ocrx_word' id='word_1_203' title='bbox 603 3851 777 3921; x_wconf 84' lang='lat' dir='ltr'>rationem</span> <span class='ocrx_word' id='word_1_204' title='bbox 792 3853 1021 3949; x_wconf 86' lang='lat' dir='ltr'>pertinerent,</span> <span class='ocrx_word' id='word_1_205' title='bbox 1036 3876 1108 3949; x_wconf 94' lang='lat' dir='ltr'>qua</span> <span class='ocrx_word' id='word_1_206' title='bbox 1118 3852 1200 3924; x_wconf 86' lang='lat' dir='ltr'>Vic-</span> 
     </span>
     <span class='ocr_line' id='line_1_33' title="bbox 203 3961 1200 4064; baseline 0 -29"><span class='ocrx_word' id='word_1_207' title='bbox 203 3980 261 4035; x_wconf 89' lang='lat' dir='ltr'>tor</span> <span class='ocrx_word' id='word_1_208' title='bbox 283 3978 359 4033; x_wconf 88' lang='lat' dir='ltr'>tum</span> <span class='ocrx_word' id='word_1_209' title='bbox 376 3961 578 4056; x_wconf 83' lang='lat' dir='ltr'>negotiales,</span> <span class='ocrx_word' id='word_1_210' title='bbox 599 3980 682 4033; x_wconf 92' lang='lat' dir='ltr'>tum</span> <span class='ocrx_word' id='word_1_211' title='bbox 697 3964 883 4036; x_wconf 84' lang='lat' dir='ltr'>familiares</span> <span class='ocrx_word' id='word_1_212' title='bbox 906 3966 1072 4064; x_wconf 89' lang='lat' dir='ltr'>epistolas</span> <span class='ocrx_word' id='word_1_213' title='bbox 1095 3990 1200 4035; x_wconf 92' lang='lat' dir='ltr'>com·</span> 
     </span>
     <span class='ocr_line' id='line_1_34' title="bbox 201 4075 1200 4177; baseline 0.006 -31"><span class='ocrx_word' id='word_1_214' title='bbox 201 4075 387 4173; x_wconf 89' lang='lat' dir='ltr'>ponendas</span> <span class='ocrx_word' id='word_1_215' title='bbox 400 4099 474 4147; x_wconf 89' lang='lat' dir='ltr'>esse</span> <span class='ocrx_word' id='word_1_216' title='bbox 492 4077 640 4170; x_wconf 91' lang='lat' dir='ltr'>censuit,</span> <span class='ocrx_word' id='word_1_217' title='bbox 660 4102 800 4148; x_wconf 91' lang='lat' dir='ltr'>mecum</span> <span class='ocrx_word' id='word_1_218' title='bbox 815 4103 873 4149; x_wconf 89' lang='lat' dir='ltr'>me</span> <span class='ocrx_word' id='word_1_219' title='bbox 883 4095 1055 4177; x_wconf 76' lang='lat' dir='ltr'>¹reputare</span> <span class='ocrx_word' id='word_1_220' title='bbox 1071 4103 1200 4152; x_wconf 90' lang='lat' dir='ltr'>conce·</span> 
     </span>
    </p>
   </div>
   <div class='ocr_carea' id='block_1_3' title="bbox 0 0 1374 4928">
    <p class='ocr_par' dir='ltr' id='par_1_4' title="bbox 0 0 1374 4928">
     <span class='ocr_line' id='line_1_35' title="bbox 0 0 1374 4928; baseline 0 0"><span class='ocrx_word' id='word_1_221' title='bbox 0 0 1374 4928; x_wconf 95' lang='lat' dir='ltr'> </span> 
     </span>
    </p>
   </div>
  </div>
 </body>
</html>
