2738 4928
587 307 785 382 ..89-

183 458 378 531 faceremus
400 454 579 542 absentes,
606 456 636 526 si
654 458 743 555 quid
767 475 859 533 esset
876 459 977 558 quod
997 485 1059 533 eos
1081 460 1184 549 scire,

181 587 243 644 aut
260 584 383 642 nostra
401 583 463 639 aut
481 568 645 666 ipsorum
668 571 915 647 interesset....
942 574 1091 673 Reliqua
1105 587 1188 644 sunt

181 684 413 782 epistolarum
435 706 564 778 genera
585 680 677 776 duo,
709 712 789 784 quse
807 712 865 759 rnc
888 710 1108 784 magnopere
1124 686 1188 759 de·

180 798 333 887 lactant,
353 820 468 866 unum
481 794 651 867 familiare
667 813 703 869 ct
716 799 896 895 jocosum,
917 799 1069 890 alterurn
1088 822 1188 870 seve-

180 936 262 982 rum
281 924 316 981 et
331 932 449 1007 grave.
472 938 489 974 >2
509 910 553 977 Et
564 908 673 1006 paulo
691 926 773 1008 post
789 911 878 983 nihil
895 912 1086 1010 essequod
1103 936 1189 1009 pos-

180 1023 225 1095 sit
243 1023 396 1120 graviter
411 1046 430 1092 a
447 1020 619 1101 Cicerone
636 1023 744 1095 scribi
762 1023 809 1095 ad
827 1026 1040 1114 Curionem,
1057 1024 1124 1094 nisi
1142 1021 1189 1096 de

180 1134 384 1235 republica,
404 1132 501 1205 dicit.
517 1136 559 1202 ln
574 1132 644 1206 alia
657 1151 776 1209 autem
790 1136 836 1208 ad
853 1137 1034 1235 Papirium
1055 1140 1188 1207 Paetum

180 1249 288 1321 missa
312 1246 463 1346 epistola
480 1246 519 1317 in
547 1271 633 1342 qua,
663 1265 700 1322 ut
724 1249 814 1322 solet
840 1275 923 1322 cum
945 1274 1003 1339 eo,
1017 1249 1184 1345 jocatur:

185 1390 203 1425 (ι
223 1361 321 1446 Quid
331 1362 397 1434 tibi
409 1389 489 1460 ego,
502 1366 621 1464 inquit
630 1368 653 1454 ¹,
674 1365 711 1435 in
723 1363 881 1462 epistolis
893 1362 1019 1435 videor
1032 1361 1046 1431 l
1060 1365 1189 1436 Nonne

182 1472 327 1569 plebeio
351 1501 517 1550 sermone
539 1503 644 1576 agere
667 1475 812 1548 tecum?
838 1480 910 1546 Nec
927 1476 1024 1546 enim
1049 1497 1189 1573 semper

182 1585 312 1656 eodem
329 1587 455 1658 modo.
482 1590 577 1676 Quid
594 1591 692 1661 enim
706 1588 821 1659 simile
837 1588 948 1659 habet
964 1588 1114 1685 epistola
1128 1600 1191 1663 aut

176 1696 327 1792 judicio,
354 1714 416 1771 aut
431 1701 628 1773 concioni?
650 1702 746 1790 Quin
764 1701 839 1797 ipsa
854 1701 991 1795 judicia
1005 1726 1080 1773 non
1095 1699 1187 1772 sole·

180 1832 261 1879 mus
276 1812 398 1883 omnia
415 1827 566 1885 tractare
583 1839 658 1884 uno
676 1812 811 1903 mod03
827 1813 984 1911 privatas
1000 1837 1137 1902 causas,
1153 1826 1190 1885 et

179 1946 238 1993 eas
257 1936 404 2015 tenues,
421 1927 557 2023 agimus
576 1927 762 2009 subtilius:
784 1927 908 2024 capitis
925 1940 987 1998 aut
1002 1926 1104 1998 lamae
1121 1925 1188 1997 sci·

178 2032 261 2105 licet
290 2039 474 2132 ornatius3
502 2039 671 2138 epistolas
698 2064 786 2110 vero
821 2039 1040 2137 quotidianis
1069 2037 1188 2109 verbis

180 2160 299 2219 texere
324 2149 532 2222 solemus.»
560 2151 669 2239 Quod
691 2152 719 2222 si
748 2151 870 2221 omnia
885 2150 960 2222 haec
980 2148 1189 2237 Quintiliani

180 2275 217 2331 et
233 2262 415 2334 Ciceronis
437 2261 519 2336 loca
544 2289 628 2335 cum
658 2288 767 2362 supra
792 2263 899 2334 citato
925 2263 1079 2334 Victoris
1105 2260 1188 2334 loco

178 2373 419 2466 conferemus,
435 2375 601 2474 quamvis
615 2377 651 2446 in
669 2377 712 2447 iis
727 2376 867 2447 diversa
882 2375 1047 2473 quaedam
1060 2400 1188 2446 occur-

179 2501 276 2576 rant,
297 2484 468 2585 pleraque
487 2503 606 2560 tamen
625 2487 690 2559 sibi
707 2488 861 2558 invicem
875 2488 1111 2558 consonantia
1130 2510 1187 2557 rc-

179 2600 372 2695 periemus.
392 2601 543 2673 Perinde
557 2601 807 2697 atquel'ullius
821 2614 857 2670 et
868 2599 1125 2686 Quintilianus,
1140 2597 1189 2668 ita

180 2711 304 2783 Victor
328 2712 559 2812 epistolarum
581 2736 712 2810 genera
737 2713 825 2800 dun,
846 2735 952 2805 grave
978 2709 1130 2779 alterum
1153 2722 1189 2779 et

179 2824 427 2921 negotiosum,
460 2826 611 2898 alterum
638 2840 758 2897 autem
793 2823 967 2894 familiare
995 2821 1188 2917 multisque

179 2938 299 3009 modis
324 2940 544 3012 uariandum
573 2940 755 3012 discernit.
791 2941 871 3008 Non
908 2950 1049 3023 tamen,
1086 2933 1188 3006 sicuti

179 3063 343 3149 uterque,
356 3054 439 3124 satis
447 3051 584 3150 liquide
594 3052 763 3142 declarat,
777 3053 813 3123 in
823 3074 911 3149 quas
921 3074 1042 3121 rerum
1052 3049 1188 3148 species

178 3177 215 3234 et
237 3164 370 3236 formas
387 3165 563 3263 negotiale
587 3167 819 3266 epistolarum
844 3189 956 3263 genus
982 3161 1187 3236 describen-

179 3275 268 3347 dum
285 3302 361 3349 esse
378 3295 533 3351 censeat.
562 3285 602 3351 ln
621 3281 693 3352 hoc
711 3304 840 3377 genere
858 3275 1114 3349 tantummodo
1132 3274 1188 3344 in·

138 3396 143 3409 ‘
178 3391 257 3462 nuit
273 3405 308 3461 et
324 3393 582 3463 sententiarum
598 3392 762 3490 pondera
779 3407 815 3460 et
839 3389 1035 3460 verborum
1050 3385 1189 3456 lumina

178 3517 214 3575 et
227 3503 422 3601 figurarum
441 3504 565 3574 omnia
580 3504 732 3599 iusignia
749 3526 824 3574 esse
841 3497 1078 3598 requirenda,
1098 3496 1188 3568 etin

178 3618 308 3690 eodem
336 3630 399 3689 aut
424 3616 638 3689 historicum
665 3615 802 3713 aliquid
834 3609 1097 3709 comprehendi
1127 3625 1190 3683 aut

178 3732 287 3802 etiarn
305 3731 479 3802 eruditius
496 3730 671 3829 quiddam
694 3728 869 3827 disputari
892 3751 1011 3826 posse.
1031 3725 1139 3814 Quod
1158 3726 1189 3797 si

178 3845 229 3916 ita
243 3859 308 3935 cst,
331 3844 513 3916 Ciceronis
529 3860 566 3918 ct
582 3843 794 3933 Quintiliani
815 3841 1028 3915 sententiam
1045 3857 1190 3914 secutus

218 4094 250 4150 l.
271 4090 330 4150 Cic.
347 4091 440 4167 Epist.
458 4091 500 4146 ad
511 4089 627 4159 divers„
643 4091 703 4159 IX,
719 4108 782 4151 xxr.
