2738 4928
444 356 665 429 „·-5‚-

109 506 209 601 «Heec
227 503 314 574 satis
333 501 449 578 multax
471 525 568 572 nunc
594 499 640 572 de
658 500 744 571 Caio
760 500 852 571 Julio
866 502 1008 572 Victore
1026 525 1082 572 rc·

77 615 251 688 ferantur.
279 615 419 688 Deinde
450 639 517 712 pro
554 629 716 710 tempore
743 629 778 685 et
807 614 889 684 loco
919 614 1082 710 qnaedam

77 727 146 800 alia
173 728 397 827 perpendere
431 742 677 825 opportunum
703 727 770 799 erit
797 752 876 823 quae
902 727 1013 815 Maius
1037 727 1083 797 de

77 842 223 914 Victore
236 843 296 922 hic
313 842 457 938 adjecit,
469 856 512 912 ct
526 866 639 937 quum
656 841 836 912 verissime
854 839 950 909 hunc
970 863 990 909 a
1007 839 1084 908 Sul·

78 954 173 1050 picio
196 946 357 1044 Victore,
374 954 516 1024 rhetore
542 954 675 1024 scilicet
691 953 779 1041 alio,
799 951 996 1050 separavit,
1016 955 1086 1022 Ru·

78 1063 160 1136 fini¹
177 1069 382 1139 testimonio
400 1068 529 1155 fretus,
544 1067 608 1162 qui'
628 1067 807 1136 Victorem
819 1078 981 1146 nostrum
993 1062 1086 1133 inter

79 1200 142 1248 eos
162 1181 288 1276 posuit
313 1180 375 1277 qui
400 1179 445 1248 de
472 1178 630 1248 numeris
661 1177 826 1247 oratoriis
851 1176 1082 1273 seripserunt,

79 1289 180 1386 quod
203 1316 326 1366 revera
343 1317 387 1362 ex
405 1292 598 1362 Rhetoricae
615 1305 746 1360 nostrae
766 1290 880 1387 capite
902 1290 948 1360 ad
969 1288 1087 1360 elocu-

80 1402 218 1472 tionem
235 1405 436 1499 pertinente
452 1418 611 1500 opparet‚
634 1403 722 1473 dum
740 1425 786 1471 ne
802 1400 914 1470 ultum
938 1400 1087 1496 quidem

80 1513 234 1594 verbum
247 1515 294 1586 de
306 1515 440 1586 eisdem
454 1517 611 1585 numeris
623 1514 802 1610 Sulpicius.
809 1515 944 1600 Victor,
960 1513 996 1581 in
1009 1512 1088 1584 rhe-

80 1628 219 1706 toribus
235 1628 413 1700 aPithoeo
441 1642 476 1698 et
506 1628 771 1725 Capperonerio
798 1627 902 1697 editis
924 1626 1027 1713 fecit;
1052 1641 1088 1697 et

79 1766 193 1838 quum
213 1741 339 1834 Caium
358 1740 490 1810 Julium
506 1740 684 1810 Victorem
703 1740 739 1808 in
758 1738 900 1810 ethnica
918 1739 1088 1835 supersti-

80 1854 181 1926 tione
190 1854 403 1924 innutritum
414 1877 435 1922 a
446 1877 483 1923 se
495 1852 596 1922 nosci
609 1851 851 1951 frequentibus
865 1851 1089 1936 indiciisAn·

81 1966 179 2061 gelus
193 1968 305 2038 Maius
315 1980 490 2040 asseverat
505 1993 513 2052 3
533 1978 569 2034 et
586 1990 698 2059 quum
716 1965 820 2035 etiarn
836 1969 854 2032 J
859 1965 919 2034 ulii
933 1966 1050 2034 Victor
1059 1965 1089 2035 is

80 2077 298 2148 rhetoricam
318 2076 464 2172 eclogen
482 2075 633 2146 affirmat
653 2077 689 2144 in
710 2076 857 2169 gratiam
874 2075 1021 2143 studiosi
1033 2075 1088 2167 ju·

81 2190 182 2269 venis
203 2189 318 2268 fuisse
343 2190 594 2287 compositam,
621 2187 810 2257 Suetonii¹
832 2201 868 2256 et
893 2186 1090 2256 Prisciani'

81 2303 330 2373 anctoritatem
350 2301 417 2372 sibi
439 2301 638 2386 vindicans,
655 2300 717 2395 qui
740 2297 871 2369 multos
896 2323 961 2369 sua
985 2313 1088 2371 aetate

80 2414 362 2492 commentarios
373 2412 549 2508 ejusmodi
563 2412 645 2482 ferri
658 2411 895 2482 tradiderunt.

503 2663 665 2681 *-

100 2872 166 2954 34.
184 2877 229 2933 De
239 2871 405 2934 rhetoribus
421 2892 544 2950 quorum
562 2885 705 2951 praecepta
716 2872 747 2931 in
760 2871 963 2952 compendium
978 2891 1062 2931 snum

440 2967 585 3027 transtulit
604 2968 713 3044 Victor,

98 3267 102 3277 Δ
131 3177 209 3244 Jern
218 3172 776 3268 igiturVictoremreiinquamus‚
785 3171 886 3267 cujus
899 3195 965 3242 nec
973 3172 1089 3270 petria

80 3309 150 3356 nec
174 3299 257 3356 retas
281 3309 349 3382 nec
372 3283 488 3356 studia
514 3285 619 3382 plane
636 3297 829 3380 comperta
858 3298 955 3373 sunt,
980 3301 1018 3355 ut
1042 3285 1088 3357 ab

80 3398 205 3493 ignoto
216 3395 279 3484 illo
292 3399 369 3466 viro
381 3398 624 3495 compositum
643 3410 703 3466 aut
719 3396 839 3493 potius
850 3410 991 3465 strenue
1003 3397 1089 3478 hinc

80 3506 167 3580 inde
181 3522 216 3579 et
230 3507 362 3603 ubique
372 3508 603 3604 compilatum
611 3507 773 3577 oratoriae
782 3505 865 3575 artis
871 3504 1088 3578 breviarium

81 3620 344 3718 aggrediamur.
365 3611 435 3691 Sed
453 3621 550 3706 nulla
566 3622 615 3718 *sit
638 3605 742 3693 nobis
761 3620 859 3719 prior
876 3619 965 3690 ittud
981 3635 1017 3691 et
1033 3647 1090 3693 ex·

79 3734 239 3833 plicandi
267 3748 303 3804 et
328 3733 549 3835 dijudicandi
573 3760 673 3828 cura,
697 3761 807 3831 quarn
835 3735 917 3806 Maii
942 3736 1089 3832 vestigia

121 3930 153 3986 t.
165 3973 167 3977 .
181 3925 236 3986 Ed.
251 3929 398 4006 (ioppen,
417 3948 448 4008 p.
466 3931 535 3988 353.

122 4018 154 4074 2.
179 4021 224 4074 De
239 4021 385 4092 Gramnr.‚
399 4037 464 4098 cap.
480 4039 522 4076 1v.

121 4107 154 4166 3.
176 4109 298 4166 Prooem.
310 4111 347 4165 de
359 4129 435 4171 num.
452 4123 479 4166 et
487 4111 576 4186 pond.
