2738 4928
565 348 784 418 -tut-

176 488 281 560 datur
302 504 338 560 et
361 493 481 588 paucis
501 518 669 590 quaerere,
691 520 754 567 cur
770 496 993 588 Ciceronem,
1014 515 1050 570 ut
1071 513 1176 572 antea

175 601 343 694 diximus,
359 604 505 674 unicum
521 606 717 678 scribendae
732 608 888 706 epistolae
903 611 1084 709 exemplar
1096 613 1177 682 Vic-

175 729 233 785 tor
249 740 325 786 esse
345 717 517 788 statuerit.
535 719 598 789 Cui
618 721 801 814 qnaestioni
824 722 979 819 primum
996 722 1067 815 hic,
1086 725 1177 795 sicut

176 831 261 902 alias
278 855 345 901 nac
360 831 435 926 jam
451 831 588 903 semela
601 833 706 904 nobis
723 834 851 906 iactum
863 852 916 907 est
924 841 946 925 ¹,
962 839 1178 936 respondea-

176 957 235 1013 tur
248 943 317 1014 sibi
328 958 492 1015 constare
504 946 698 1034 Victorem,
713 960 852 1019 tantum
867 951 1096 1047 antiquorum
1113 950 1179 1022 ad-

178 1056 398 1144 miratorem,
412 1070 449 1127 ut
465 1081 641 1153 nusquam
653 1058 756 1131 abeo
772 1063 949 1134 recentior
958 1063 1178 1150 Quintiliano

177 1168 330 1266 scriptor
346 1169 551 1242 nominatus
566 1172 623 1242 sit.
642 1177 735 1244 Bene
750 1173 871 1264 habet,
887 1176 1001 1265 dices3
1016 1191 1051 1247 at
1069 1177 1179 1274 ipsius

177 1281 359 1352 Ciceronis
375 1294 488 1372 aetate,
506 1309 627 1355 nonne
645 1285 759 1374 multi,
778 1301 813 1357 et
831 1288 940 1357 iidem
958 1287 1180 1358 excellentis·

177 1393 275 1484 simi,
288 1396 387 1465 omni
400 1397 513 1491 gratia
527 1410 563 1466 et
576 1397 696 1467 nativo
710 1396 833 1495 lepore
850 1413 885 1469 et
901 1414 1097 1497 temperata
1108 1424 1182 1494 gra·

177 1507 286 1578 vitate
312 1508 524 1605 conspicuas
552 1509 718 1606 epistolas
742 1510 920 1581 scribendi
939 1526 1115 1599 auctores,
1136 1514 1178 1581 C.

178 1622 304 1710 Caesar,
329 1624 377 1691 M.
402 1625 490 1692 Cato
512 1622 704 1713 Uticensis,
735 1625 936 1719 PompeiuS,
964 1628 1011 1693 M.
1041 1624 1179 1714 Caelius,

178 1737 245 1804 Cn.
269 1735 408 1823 Matius,
436 1734 560 1805 lunius
576 1750 611 1807 et
636 1736 803 1806 Decimus
830 1738 940 1826 Bruti,
961 1737 1182 1834 complures-

180 1862 252 1942 qne
269 1847 338 1935 alii,
360 1832 515 1942 quorum
536 1847 698 1943 quaedam
721 1865 914 1947 supersunt
929 1852 1021 1921 inter
1040 1852 1181 1921 Cicero·

179 1957 993 2056 nisepistolaS,exstiterunthonnedehorum
1004 1965 1180 2054 omnium,

179 2072 243 2167 qui
265 2071 358 2142 iutra
384 2071 480 2142 idem
503 2070 611 2142 veluti
632 2076 740 2143 aetatis
757 2074 910 2170 spatium
933 2074 1059 2145 inclusi
1085 2088 1181 2164 sunt,

180 2183 360 2281 epistolari
390 2185 528 2255 ratione
553 2197 589 2254 et
613 2183 729 2256 forma
757 2185 883 2256 cadem
908 2187 979 2257 dici
1011 2201 1181 2283 possunt,

179 2320 259 2392 quae
281 2296 409 2366 merito
432 2294 565 2366 Tullius
589 2295 634 2366 de
653 2297 854 2368 oratoribus
876 2298 1012 2368 cunctis
1034 2298 1185 2369 Demos·

181 2407 298 2479 thenis
319 2406 514 2504 aequalibus
537 2405 726 2479 affirmavit
741 2412 764 2497 ²,
784 2410 821 2479 in
844 2409 988 2505 quibus,
1008 2434 1186 2506 quaecum·

181 2548 254 2619 que
275 2537 394 2593 essent
419 2523 456 2591 in
483 2521 705 2617 singulorum
730 2521 921 2593 virtutibus
949 2523 1183 2611 diversitates

184 2660 309 2707 succus
327 2650 365 2706 et
378 2636 520 2730 sanguis
535 2636 778 2732 incorruptus,
800 2651 834 2705 ct
850 2634 1032 2726 naturalis,
1051 2659 1117 2705 uec
1136 2633 1186 2704 fu·

183 2764 284 2820 catus
306 2749 403 2819 nitor
421 2747 572 2818 inesset?
591 2747 747 2846 Simplex
769 2746 942 2843 quiddam
965 2761 1001 2816 et
1022 2769 1186 2843 pressum

183 2861 463 2933 etenucleatum
477 2873 513 2930 et
526 2859 704 2930 urbanum
724 2860 965 2930 communiter
976 2859 1014 2928 in
1029 2856 1186 2956 epistolis

184 2974 353 3045 omnibus
364 2973 586 3068 elucet,quas
596 2973 776 3044 Ciceronis
788 2972 941 3069 aequales
951 2973 1186 3068 scripserunt„

186 3091 257 3158 Has
284 3101 320 3157 et
341 3087 427 3157 alias
450 3086 618 3176 sortasse,
652 3086 773 3182 quales
800 3111 878 3182 quae
908 3086 1075 3180 Augusti,
1109 3108 1189 3182 quae
1232 3107 1236 3113 ·

187 3199 297 3269 Asinii
314 3198 496 3290 Pollionis,
517 3223 595 3295 quae
613 3213 816 3270 ceterorum
833 3201 1048 3297 incorrupta
1065 3213 1100 3269 et
1122 3222 1189 3295 pu·

186 3336 234 3382 rae
250 3310 428 3382 latinitatis
445 3327 632 3382 auctorum
650 3311 856 3382 nominibus
876 3311 1091 3398 ferebantur,
1113 3310 1193 3380 Vic-

187 3437 247 3494 tor
260 3448 334 3494 una
347 3448 429 3494 cum
445 3423 547 3494 Tullii
564 3423 687 3494 litteris
704 3447 903 3493 memorare
917 3422 1102 3519 potuisset.
1119 3417 1191 3490 Sed

191 3538 362 3634 quoniam
380 3562 454 3608 non
473 3536 533 3609 hic
549 3538 673 3633 magis,
688 3561 795 3634 quam
813 3535 896 3606 alias
916 3532 1136 3604 obliviscitur
1150 3555 1191 3602 se

190 3645 1190 3749 rhetoricioperistantummodocompendium,adusum

192 3763 342 3834 studiosi
367 3763 552 3859 cujusdam
574 3764 726 3860 juvenis,
753 3762 940 3852 inchoare,
965 3783 1083 3857 neque
1108 3757 1190 3830 ideo

234 4028 264 4086 r.
288 4023 362 4083 vide
378 4044 408 4102 p.
425 4025 529 4084 u-re.

231 4117 263 4178 2.
285 4114 343 4175 cic.
363 4117 475 4184 Brutus,
491 4131 554 4191 cap.
570 4133 617 4188 1x,
633 4110 718 4193 336.
