2738 4928
590 320 788 392 ..88-

183 482 346 559 tractant,
372 482 412 552 nt
437 467 483 540 de
510 466 754 566 philosophia,
779 466 826 538 de
848 465 1047 566 republica,
1068 463 1189 535 simili·

181 580 331 676 busque.
369 580 476 670 Quod
509 605 584 651 non
608 605 653 651 eo
681 579 778 672 dico,
805 580 866 671 ait,
892 581 1078 677 quianon
1103 577 1190 650 illud

181 719 327 791 quoque
345 693 502 765 solutum
520 692 650 765 habeat
670 717 754 764 suns
774 692 971 790 quosdam,
990 708 1026 764 et
1042 692 1188 764 forsitan

181 806 402 879 difficiliores
428 806 535 878 etiarn
564 805 697 906 pedes;
730 807 970 905 nequeenim
998 820 1061 879 aut
1090 805 1189 878 hiare

184 946 327 1019 semper
345 919 550 1012 vocalibus,
576 934 637 992 ant
654 919 796 992 destitui
819 919 1041 1021 temporibus
1064 916 1190 992 volunt

185 1059 304 1106 sermo
322 1049 430 1131 atque
448 1033 597 1132 epistola
612 1063 621 1126 ;
648 1033 804 1106 sednon
824 1035 957 1125 lluunt,
986 1059 1055 1105 nec
1072 1032 1189 1106 cobae·

161 1161 282 1238 rent,
304 1171 371 1219 nec
396 1147 505 1219 verba
522 1147 641 1219 verbis
657 1147 828 1237 trahunt,
855 1164 894 1219 ut
915 1148 1034 1245 potius
1056 1146 1190 1218 laxiora

180 1259 217 1329 in
235 1258 292 1330 his
310 1260 471 1350 vincula,
491 1285 601 1357 quam
619 1261 718 1332 nulla
733 1261 816 1332 sint.
836 1292 853 1327 a
884 1261 957 1348 Qui
978 1259 1189 1347 Quintiliani

179 1373 282 1444 locus
304 1375 439 1473 optime
463 1400 546 1447 cum
575 1377 726 1447 Victoris
751 1375 853 1447 loco¹
873 1373 1029 1446 conlerri
1056 1388 1186 1472 potest,

179 1483 246 1555 ubi
272 1484 318 1555 dc
346 1488 504 1584 epistolae
534 1487 691 1559 dictione
712 1486 772 1558 hic
789 1488 968 1584 professus
988 1501 1066 1575 est;
1093 1486 1190 1557 idem

179 1599 287 1696 plane
305 1599 528 1672 demonstrat
541 1627 617 1672 non
634 1601 813 1671 minorem
826 1599 1062 1690 QuintilianO,
1080 1624 1190 1695 quam

180 1711 317 1781 Victori
344 1713 564 1783 vicinitatem
591 1713 708 1783 inesse
731 1711 1022 1783 sermocinationi
1052 1725 1087 1781 et
1114 1711 1188 1809 epi·

179 1823 278 1894 stolis
295 1823 420 1896 videri.

229 1937 370 2009 Victor²
393 1936 562 2035 deinceps
578 1937 811 2036 epistolarum
826 1939 984 2036 speciem
1006 1936 1187 2035 duplicem

179 2072 256 2120 csse
283 2051 419 2122 statuit.
457 2053 581 2121 «Sunt
610 2052 720 2140 enim,
747 2051 966 2148 inquinant
993 2048 1188 2146 negotiales

178 2176 241 2233 aut
259 2163 461 2234 familiares.
479 2193 496 2230 >2
520 2167 568 2234 hc
587 2162 719 2234 deinde
745 2163 796 2234 ita
821 2177 1010 2260 utramque
1036 2186 1189 2259 praeccp·

179 2275 225 2345 tis
242 2276 401 2366 instruit,
414 2291 454 2346 ut
469 2277 507 2346 in
525 2300 654 2371 genere
672 2277 859 2373 negotioso
874 2291 909 2347 et
924 2275 1036 2371 gravi,
1052 2275 1194 2346 etiamst

180 2389 337 2458 oratoria
375 2389 527 2485 insignia
559 2388 754 2480 concedat,
787 2375 882 2460 hanc
911 2402 1031 2459 tamen
1062 2411 1187 2486 excep·

179 2499 318 2570 tionem
344 2499 486 2590 afferat,
506 2513 545 2571 ut
565 2499 701 2597 aliquid
730 2499 776 2571 de
803 2499 954 2572 summis
985 2499 1100 2598 copiis
1128 2499 1187 2573 de·

179 2611 376 2705 trahamus,
402 2627 437 2683 et
465 2613 666 2685 orationem
691 2613 859 2713 proprius
879 2638 998 2685 sermo
1020 2613 1182 2710 explicet.

180 2725 369 2798 Declinare
385 2751 531 2824 quoque
555 2727 633 2798 vult
651 2726 839 2826 epistolam
860 2752 881 2799 a
906 2725 1013 2824 plcna
1033 2725 1186 2798 formula

178 2837 347 2929 historiae,
367 2841 396 2911 si
416 2839 504 2938 quid
527 2839 735 2912 historicum
755 2865 797 2912 ea
816 2837 1114 2937 comprehendat,
1140 2865 1185 2911 ne

178 2951 323 3024 recedat
346 2977 367 3023 a
385 2954 505 3026 nativa
523 2955 647 3051 gratia,
671 2967 706 3025 et
721 2953 772 3047 id,
795 2954 834 3025 in
856 2978 930 3052 quo
947 2955 1070 3026 omnia
1087 2969 1182 3048 sunt,

177 3065 432 3154 commendat,
463 3097 480 3132 «
498 3093 543 3138 ne
562 3066 715 3138 modum
740 3053 897 3165 epistola
920 3092 1182 3167 corrumpas.»

179 3181 261 3247 Haec
279 3177 351 3250 fere
368 3180 491 3251 Victor
512 3180 557 3251 de
581 3181 766 3276 negotioso
790 3167 1023 3279 epistolarum
1040 3206 1180 3277 genere.

177 3288 319 3376 Quibus
360 3315 434 3361 non
470 3291 578 3386 longe
608 3293 785 3366 absimilia
814 3308 911 3384 sunt,
947 3319 1026 3390 quae
1058 3295 1109 3366 sic
1138 3293 1184 3366 ad

176 3406 219 3473 C.
232 3404 425 3476 Curionem
435 3403 560 3478 Cicero
570 3407 741 3505 scripsit³t
765 3438 782 3472 c
796 3406 1040 3505 Epistolarum
1053 3433 1184 3503 genera

177 3516 290 3588 multa
316 3543 391 3590 esse
415 3544 490 3590 non
516 3520 683 3614 ignoras:
705 3519 769 3591 sed
791 3545 904 3591 unum
923 3520 1013 3591 illnd
1032 3521 1183 3591 certissi-

177 3653 292 3722 mum,
307 3631 408 3728 cujus
425 3656 531 3703 causa
547 3632 692 3704 inventa
709 3657 765 3704 res
782 3633 859 3732 ipsa
875 3647 940 3723 est,
958 3647 997 3704 ut
1013 3632 1183 3704 certiores

216 3923 246 3976 l.
269 3921 301 3978 C.
317 3923 345 3976 J.
364 3920 474 3993 Victor,
492 3940 556 3998 cap.
577 3941 724 3998 xxv11,p.
742 3924 814 3983 tat.

215 4013 245 4072 2.
267 4008 343 4066 Ibid.

216 4103 244 4160 3.
268 4099 327 4158 Cic.
342 4103 463 4175 Epistol.
481 4101 708 4173 addivers.,11,
725 4122 767 4159 ιν.
