2738 4928
430 365 695 445 ,4-2l-'

77 512 204 586 Fabius
222 515 298 614 ipse
315 531 541 614 agnoverunt
556 544 566 607 3
594 516 727 616 quippe
746 519 808 614 qui
831 545 914 591 cum
931 523 1077 615 merito,

75 624 248 700 brevitate
275 630 335 701 illa
362 654 473 726 quarn
498 622 605 727 stipra
634 630 842 724 retulimus,
867 635 1081 730 quaestiones

78 765 203 812 omnes
231 743 278 814 ad
306 744 374 815 tria
404 768 533 840 genera
566 745 824 835 revocaverint,
857 770 933 818 non
962 749 1083 820 minus

78 852 268 954 deinceps,
294 856 329 927 in
349 856 558 955 explicando
576 882 811 955 quaecumque
828 859 875 930 ad
892 881 1082 933 causarum

77 981 190 1038 status
201 970 403 1062 attinerent,
416 975 694 1066 Hermagoream
711 972 938 1062 divisionem,
956 989 1084 1072 utpote

77 1084 375 1177 percommodam
392 1098 427 1154 et
440 1084 684 1181 pervulgatam
698 1083 939 1156 adhibuerint.
967 1090 1083 1158 Nemo

76 1195 183 1290 igitur
207 1196 401 1269 admiretur
423 1223 533 1294 quare
559 1212 596 1268 et
615 1222 774 1293 quonam
789 1212 897 1295 pacto
921 1197 1084 1269 rhetores

77 1306 133 1377 vel
148 1307 307 1404 plerique
325 1308 381 1379 vel
398 1334 524 1379 omnes
538 1310 666 1398 Latini,
680 1314 906 1407 Hermagorae
924 1312 1084 1382 auctori-

78 1434 187 1490 tatem
205 1419 250 1490 de
270 1421 310 1491 ea
327 1445 380 1509 re,
398 1421 492 1492 inter
508 1446 599 1517 quos
613 1421 788 1518 imprimis
803 1423 937 1493 eminet
945 1424 1082 1513 Victor,

80 1557 194 1627 usque
219 1531 266 1603 ad
291 1533 416 1604 lsidori
442 1533 659 1632 Hispalensis
675 1533 830 1634 ntalem,
858 1536 969 1605 secuti
999 1536 1081 1605 sint.

80 1648 243 1741 Namque
257 1657 295 1716 ut
312 1661 449 1718 ceteros
464 1646 574 1717 latine
590 1635 957 1743 dicendi'scriptores‚
969 1647 1032 1741 qui
1046 1647 1085 1717 in

79 1775 258 1830 oratorem
276 1759 442 1832 docendo
462 1785 537 1832 non
560 1761 690 1831 eximia
706 1760 838 1856 ingenii
856 1759 952 1857 apud
970 1760 1084 1845 Quin·

79 1871 241 1943 tilianum
265 1887 300 1942 et
328 1873 537 1943 Ciceronem
560 1874 736 1971 praecipue
764 1871 999 1970 amplitudine
1030 1872 1086 1944 usi
1139 1886 1141 1888 ’

80 2000 180 2070 sunt,
210 1983 273 2056 sed
295 1983 449 2081 operarii
466 1984 576 2054 veluti
594 1985 759 2056 homines
786 1984 925 2080 vulgata
944 1997 1086 2054 tantum

82 2110 118 2165 et
134 2096 180 2166 ad
196 2095 373 2190 agendum
391 2110 559 2191 prompta
572 2110 827 2192 praeceperunt,
843 2097 893 2165 sic
906 2096 1087 2166 Victorem

82 2222 247 2278 nostrum
267 2207 392 2277 eadem
409 2207 573 2277 oratoriae
591 2205 763 2276 doctrinae
778 2206 979 2276 humilitate
997 2208 1091 2276 con·

81 2334 234 2407 tentum,
251 2319 505 2392 didascalicum
517 2333 552 2388 et
566 2318 705 2388 nudum
723 2316 918 2406 rhetorem,
940 2322 1092 2389 Herma·

81 2455 185 2526 goras
201 2431 260 2503 itte
280 2429 381 2525 quasi
397 2430 554 2529 optimus
581 2422 711 2502 ductor
729 2428 856 2501 direxit
872 2444 908 2500 ct
925 2427 1086 2501 edocuit.

82 2547 153 2615 Nec
166 2542 203 2614 id
221 2544 351 2614 mirum
366 2571 376 2632 3
397 2544 475 2642 ipso
490 2543 586 2614 enim
604 2543 692 2614 vitio
711 2544 792 2632 isto,
804 2568 878 2639 quo
890 2567 955 2640 per
968 2542 1088 2612 minu‘·

80 2671 133 2727 tas
161 2680 282 2726 rerum
310 2654 498 2752 particulas
527 2655 666 2750 singula
693 2654 877 2726 dividendi
906 2653 1088 2726 laborasse

82 2773 332 2864 Hermagoras,
365 2797 382 2847 a
398 2768 453 2838 vir
481 2767 615 2863 alioqui
646 2765 784 2837 subtilis
808 2779 843 2837 et
862 2768 900 2837 in
926 2764 1089 2863 plurimis

82 2875 327 2970 admirandus,
343 2894 481 2951 tantum
495 2878 685 2975 diligentiae
698 2878 849 2948 nimium
861 2877 1046 2966 sollicitae¹‚
1067 2882 1087 2945 5>

84 2993 225 3083 dicitnr,
254 2995 283 3063 is
308 2992 452 3063 inlimos
474 2992 605 3062 Latinae
629 2990 841 3088 eloquenti'ae
868 2990 905 3060 in
933 2989 1009 3064 dies
1026 2986 1090 3060 de·

84 3106 272 3178 crescentis
290 3121 539 3203 praeceptoreS,
556 3119 591 3174 et
604 3103 688 3175 ideo
700 3105 892 3193 Victorem,
910 3100 1093 3174 induxisse

84 3220 309 3319 potissimum
325 3218 373 3289 ad
391 3219 445 3289 sui
461 3217 698 3288 imitationem
714 3217 826 3289 videri
845 3232 975 3316 potest.

135 3333 221 3416 Quae
250 3354 361 3426 quum
389 3329 437 3398 ita
464 3329 551 3416 sint,
577 3343 613 3400 et
639 3329 723 3400 inde
744 3329 959 3424 intelligatur
978 3351 1092 3426 quare

87 3459 188 3515 tanto
205 3443 322 3514 studio
340 3440 452 3512 molta
468 3446 695 3538 Hermagorae
708 3457 883 3539 praecepta
900 3441 946 3512 ad
959 3442 1092 3512 inven-

86 3557 223 3628 tionem
248 3556 478 3654 etpraecipne
494 3553 539 3658 ad
558 3578 746 3625 causarum
769 3567 879 3624 status
897 3554 1093 3651 spectantia

88 3670 272 3769 amplexus
288 3669 333 3739 sit
348 3669 484 3758 Victor,
502 3692 627 3738 nonne
643 3666 770 3743 merito
784 3665 1003 3738 admiremur
1015 3666 1096 3764 qui·

86 3783 156 3855 vhus
172 3783 222 3855 de.
238 3784 354 3854 causis
373 3797 495 3853 noster
512 3781 571 3853 ille
589 3780 713 3852 rhetor
729 3778 796 3851 sub
818 3780 908 3852 Artis
925 3781 1093 3871 initium,

90 3921 163 3994 quo
180 3895 338 3993 singulos
356 3895 484 3967 dividit
497 3895 732 3992 quaestionum
746 3908 821 3964 tum
835 3891 1001 3988 legalium
1014 3904 1093 3972 tum

131 4146 159 4200 l.
183 4139 315 4216 Quintil,
331 4143 389 4212 111,
405 4143 459 4213 ll,
475 4142 524 4198 22.
597 4163 603 4175 ·
