2738 4928
475 336 671 418 ..49-

72 496 166 570 citur
192 495 254 594 qui
278 516 392 595 usque
418 493 509 566 adeo
538 493 622 565 artis
651 515 723 564 suae
752 509 881 563 amore·
901 490 1014 562 nimio
1038 496 1074 563 et

71 612 195 701 nimia,
214 626 254 683 ut
267 609 379 682 libere
395 606 733 701 dicam,'verb0rum
744 605 1074 700 sententiarumque

72 724 297 797 affectatione
314 736 457 796 evectus
470 735 534 812 est,
550 734 590 794 ut
606 743 727 791 severe
743 717 978 814 disquisiverit
993 715 1076 787 the*

72 838 186 909 torica
214 863 270 909 ars
294 837 408 910 virtus
436 858 551 906 necne
575 835 710 923 esset¹3
740 831 838 903 illinc
863 842 1001 919 autem,
1031 839 1075 899 εἰ

73 949 454 1023 Aristotele¹videlicet
472 962 509 1020 et
520 948 739 1044 Hermagora
757 942 977 1030 auctoribus,
990 964 1075 1012 cum
1181 1029 1184 1036 Ι

72 1064 224 1150 ratione,
242 1079 277 1135 et
293 1087 335 1134 ea
351 1061 498 1160 quidem
514 1061 710 1152 verissima,
727 1057 920 1144 consensit,
935 1075 1006 1152 qua
1021 1063 1076 1125 re'-

73 1177 248 1249 centiores
274 1175 441 1247 homines
467 1193 541 1246 non
571 1173 668 1247 aliud
696 1171 899 1244 rhetoricen
921 1190 996 1240 esse
1022 1182 1078 1241 ar*

72 1287 272 1382 bitrantur,
303 1314 413 1387 quam
446 1313 489 1363 ex
519 1286 736 1386 quibusdam
768 1280 1078 1356 observationibus

74 1401 232 1475 collectis
255 1417 290 1473 et
314 1400 581 1500 comprehensis
618 1397 844 1496 disciplinam
883 1395 1080 1494 quamdam

75 1514 218 1586 dicendi
235 1529 369 1587 natam.
395 1513 573 1611 Equidem
595 1513 717 1586 dedita
735 1535 846 1610 opera
854 1511 895 1581 'in
912 1510 973 1582 illo
992 1511 1080 1581 vica

74 1628 161 1698 toris
188 1626 327 1722 eclogas
349 1627 450 1698 initio
481 1626 527 1699 ab
559 1630 789 1721 Hermagorae
808 1624 893 1722 ipsis
920 1620 1086 1697 fontibus

73 1738 182 1811 ducto
199 1740 340 1833 inhaesi,
363 1741 465 1838 quod
482 1740 566 1813 inde
584 1739 658 1837 Jam
676 1737 849 1836 suspicari
871 1735 953 1808 licet
969 1744 1079 1835 quani

73 1851 209 1950 ubique
228 1854 267 1924 in
285 1855 385 1926 omni
401 1853 609 1952 compendii
623 1852 717 1924 illius
731 1876 860 1940 cursu,
881 1852 944 1947 qui
959 1849 1005 1922 ad
1020 1851 1077 1921 in·

73 1965 283 2035 tentionem
312 1981 348 2036 et
370 1966 641 2062 dispositionem
663 1965 800 2055 attinet,
827 1962 1014 2058 judicandi
1042 1968 1085 2035 et⁴

74 2070 306 2172 praecipiendi
323 2077 500 2147 rationem
517 2090 638 2146 noster
654 2080 904 2174 persecuturus
917 2075 972 2145 sit.
992 2079 1086 2146 Nus.-

77 2208 187 2280 quam
210 2183 305 2257 enim
329 2187 391 2278 ibi,
420 2188 528 2258 etiam
545 2205 656 2284 quum
676 2186 834 2284 plurima·
849 2203 892 2257 ex
912 2185 1026 2258 Tullio
1043 2200 1081 2258 et

75 2295 184 2367 Fabio
202 2298 391 2397 decerpet,
423 2304 485 2371 aut
505 2299 597 2371 illius
613 2299 741 2371 miram
759 2299 958 2370 ubertatem
975 2314 1010 2370 et
1026 2298 1078 2372 fe.-

74 2407 283 2481 cundissimi
316 2411 481 2482 omnium
520 2406 654 2507 ingenii
688 2407 863 2511 impetum
896 2427 931 2484 et
963 2413 1077 2511 plenis

73 2522 183 2594 veluti
208 2523 294 2622 ripis
320 2524 456 2596 flumen
472 2524 683 2622 eloquentiae
700 2526 737 2594 in
755 2523 959 2622 eloquentia
974 2543 1077 2599 enar·

73 2631 188 2707 nanda
219 2636 418 2733 exundans,
456 2652 517 2709 aut
548 2636 657 2732 hujus
681 2636 871 2733 judicium,
908 2652 1075 2731 acumen,

75 2751 238 2847 copiam,
279 2765 315 2822 et
348 2748 523 2821 eruditam
559 2751 696 2844 singula
723 2763 886 2821 accurate
911 2765 947 2821 et
977 2768 1077 2823 com·-

73 2864 234 2960 ponendi
265 2877 300 2935 et
329 2862 510 2934 scribendi
537 2855 746 2957 elegantiam
774 2861 985 2955 imitabitur3
1014 2865 1077 2937 sed

74 2973 262 3046 subtilibus
288 2990 324 3048 et
349 2975 518 3048 brevibus
542 2981 579 3047 et
601 2974 812 3074 plerumque
836 2975 967 3071 jejunis
987 2981 1075 3048 ller-

74 3106 229 3184 magorae
259 3085 371 3162 modo
402 3089 558 3162 tractatis
597 3075 897 3188 disputationibus
938 3102 1071 3163 utetur.

74 3204 258 3299 Nusquam
271 3200 512 3294 obliviscetur,
530 3221 650 3300 neque
665 3199 761 3275 aliud
780 3203 871 3275 sein
889 3203 1075 3278 rhetoricis

75 3313 121 3385 de
136 3314 343 3390 inventione
360 3327 395 3390 et
414 3316 648 3415 dispositione
670 3319 855 3418 praeceptis
874 3318 1072 3414 inquirere,

73 3422 144 3498 nisi
169 3428 268 3524 quod
300 3434 398 3501 recto
431 3429 556 3502 itinere
583 3429 631 3503 ad
657 3428 837 3526 agendum
862 3430 1009 3500 usitatas
1037 3431 1074 3513 iu

75 3537 240 3613 civilibus*
253 3542 403 3638 negotiis
414 3562 549 3632 causas,
561 3556 623 3616 aut
632 3534 679 3614 ad
688 3541 905 3615 versandum
918 3541 956 3612 in
973 3552 1074 3614 com*-

73 3653 194 3725 munis
203 3646 392 3729 hominum
402 3659 482 3730 vitae
493 3657 753 3730 consuetudine
764 3654 940 3756 proficiat,
957 3668 1074 3753 neque

74 3789 113 3838 se
130 3766 227 3842 aliud
244 3784 326 3843 ante
349 3771 490 3865 oculos,
508 3772 687 3871 hocopus
710 3771 797 3843 hinc
815 3770 914 3842 illinc
934 3770 1073 3867 compi-

115 4041 145 4101 l.
168 4028 426 4119 Quintil.,ll,dtt.
453 4116 455 4121 ,

116 4133 145 4189 2.
168 4131 287 4191 Aristot.
303 4133 430 4208 illicior„
443 4124 495 4192 lib‘.
508 4121 534 4204 l,
549 4135 613 4211 cap.
629 4132 655 4190 ιζ’
