2738 4928
587 327 727 399 —tot
760 364 809 378 -

187 492 299 539 usum
307 492 353 538 ac
356 485 532 565 pretium,
544 471 675 543 Victor
664 499 792 561 rsaero
804 499 879 547 uon
887 501 1010 550 minus
1020 503 1127 574 quam
1139 505 1201 553 an·

131 597 134 602 ’
187 595 262 670 tea,
284 581 358 651 sive
367 581 412 653 in
429 584 538 654 sacris
549 583 829 660 christianorum
839 590 1093 717 concionilnm
1110 617 1199 686 quas

184 718 376 765 sermones
393 694 503 791 *vulgo
526 716 837 795 nuncupaverunt,
858 703 929 772 siv-e
951 703 986 772 in
1013 703 1198 776 rhetorum

189 807 462 878 recitationibus
487 824 527 879 et
554 809 715 882 litteratis
732 812 925 908 colloquiis
952 830 993 885 et
1008 816 1198 914 epistolari

192 921 425 1008 commercio,
446 921 665 1004 celebratum
682 950 763 996 esse
783 926 1001 997 notauimus
1019 929 1198 999 sermoci-

190 1035 346 1106 nationis
368 1050 488 1106 autem
510 1037 656 1109 virtutes
669 1054 710 1109 et
736 1039 820 1112 vitia
840 1040 1020 1111 Victorem
1044 1041 1198 1113 credidi·

190 1170 291 1235 mus,
316 1146 644 1236 diuersisornnino.‚
662 1166 785 1247 utpote
793 1175 897 1222 *nunc
909 1153 1146 1249 prudentibus
1162 1167 1200 1224 et

187 1260 308 1347 rectis,
328 1284 430 1329 nunc
450 1260 651 1355 puerilibus
672 1276 714 1331 ¹et
732 1262 910 1334 obsoletis
933 1281 1197 1361 praeceptorum

190 1374 405 1463 rationibus,
431 1374 651 1470 designasse3
667 1377 786 1472 qnod,
807 1377 1050 1473 pulcherrimo
1069 1404 1196 1453 eornm

181 1487 297 1559 :allato
321 1486 483 1585 exemplo
506 1514 584 1583 quae
608 1489 653 1560 de
668 1515 842 1562 sermone
866 1493 1034 1589 praecepit
1055 1493 1193 1583 Cicero,

189 1601 495 1674 confirmavimus.
516 1605 566 1671 Ea
583 1601 667 1672 dein
681 1602 797 1674 obiter
809 1603 1103 1701 approbavimus,
1116 1631 1196 1700 quae

182 1712 235 1786 ad
245 1713 508 1812 ,perficiendam
535 1716 710 1786 sermonis
738 1715 948 1810 elegantiam
975 1717 1196 1792 conserenda

179 1855 277 1917 esse,
304 1829 407 1898 sicuti
420 1827 622 1899 comoedias
648 1844 683 1900 et
703 1829 870 1926 epistolas
894 1845 1046 1920 ueteres,
1071 1832 1196 1903 Victor

187 1942 375 2016 existimat.
392 1945 516 2028 Quum
530 1941 984 2038 aliosprisoosscriptoreS,
996 1958 1074 2013 tum
1085 1944 1196 2014 incer-

186 2068 263 2125 tum
278 2054 557 2125 eretoricornm
570 2053 624 2124 ad
647 2055 868 2128 Herennium
894 2070 1079 2127 auctorem
1099 2081 1195 2150 quen·

186 2167 270 2237 dam
301 2192 378 2237 esse
405 2166 452 2238 de
481 2167 781 2237 sermocinatione
804 2165 1011 2264 ,professum
1041 2167 1195 2240 confessi

185 2305 321 2367 snmus,
339 2279 472 2351 sedita
494 2294 534 2350 ut
549 2279 681 2350 borum
696 2279 831 2368 nullus,
852 2305 943 2376 quos
960 2280 1108 2376 quidem
1124 2305 1197 2352 no·

184 2394 353 2482 verimus‚
380 2391 507 2462 ordine
530 2405 565 2461 et
588 2392 698 2463 viaet
717 2417 760 2462 ex
779 2393 964 2481 industria,
982 2392 1135 2490 perinde
1152 2417 1194 2465 ac

184 2508 320 2597 Victor,
345 2507 382 2576 in
408 2505 536 2576 Latino
563 2504 770 2577 Rhetorices
788 2505 881 2577 libro
908 2505 953 2576 de
972 2507 1198 2579 ‚sermocina-

186 2620 284 2691 tione
299 2634 484 2717 praecepta
500 2618 699 2691 tradiderit.

233 2727 321 2797 Inde
339 2727 491 2798 rhetoris
504 2728 616 2797 nostri
630 2726 798 2798 ultimum
808 2742 1048 2825 capnttotum
1066 2741 1202 2826 protu-⁴
1231 2811 1256 2830 ό

174 2837 302 2928 limus,
333 2855 368 2910 et
389 2855 582 2938 postquam
598 2840 919 2912 animadvertimus
944 2867 1090 2912 omnem
1114 2868 1193 2915 om·

183 2952 285 3022 nium
313 2953 543 3050 epistolarum
573 2976 746 3024 nsnm‘av
776 2953 906 3024 saeculo
940 2979 1047 3049 otiam
1074 2979 1192 3050 -quum

183 3067 337 3138 maxime
367 3066 623 3154 increbrnisse,
643 3082 689 3137 -et
713 3067 754 3137 in
780 3091 828 3136 ao
865 3067 979 3164 capite
1009 3050 1192 3137 Victorem

183 3181 313 3250 miuus
330 3179 481 3277 puerilia
506 3179 654 3252 consilia
677 3180 872 3275 ingeniosis
896 3178 1192 3250 annotationibus

183 3318 290 3388 quam
309 3293 347 3362 iu
370 3291 654 3390 precedentibus
670 3293 924 3380 'bonuscuissm
947 3317 1043 3380 enm,
1063 3296 1192 3361 Deme·
1230 3308 1232 3311 ’
1258 3339 1260 3341 ·

182 3407 241 3476 trii
266 3405 428 3476 Phalerei
451 3419 486 3475 et
512 3405 723 3490 Quintiliani
746 3405 834 3490 ritu,
856 3403 986 3472 merito
1009 3427 1096 3472 cnm
1120 3427 1192 3473 ser·

180 3544 292 3590 mone
318 3517 485 3615 epistolas
509 3515 703 3588 contulisse
729 3515 958 3588 credidimus
980 3518 1025 3584 tn
1048 3515 1187 3606 Cicero,

181 3631 231 3702 ita
247 3632 370 3700 Victor
386 3629 638 3724 negotiales-et
658 3627 997 3728 familiareslitteras
1016 3626 1188 3702 distinxit.

180 3745 248 3819 Hic
273 3759 392 3814 tamen
420 3767 496 3813 nou
525 3742 613 3814 satis
635 3741 824 3840 perspicue
858 3739 963 3810 nobis
986 3738 1191 3834 designasse

179 3857 361 3945 aisrtsest,
375 3880 610 3951 quaecumque
626 3854 693 3926 sub
706 3852 940 3949 negotialium
954 3853 1193 3949 epistolarmn'

172 3971 331 4042 momine
345 3968 681 4066 comprehenderet.
695 3965 870 4038 Demetrii
883 3964 1191 4040 deindePbalerei

181 4096 218 4154 et
237 4080 420 4164 Ciceronis
444 4094 480 4152 et
504 4079 715 4169 Quintiliani
739 4093 774 4148 et
789 4077 962 4175 Gregorii
976 4076 1191 4151 Naz'utmeni
