2738 4928
517 364 691 435 ...γ-

104 510 370 609 spicacissimas,
385 523 426 580 ut
441 506 544 601 solet,
557 508 836 605 conjectationes
845 508 996 598 induxit,
1006 507 1103 580 unde

103 623 237 720 Aquilae
253 623 438 720 cujusdam
463 648 554 721 opus
570 648 685 716 unum
701 649 721 694 e
739 622 900 696 fontibus
913 623 1019 693 fuisse
1038 636 1105 719 pu-

102 751 232 827 temus,
248 735 415 835 aquibus
426 734 633 808 rivulnsaut
649 735 796 807 fortasse
804 737 912 807 etiam
922 737 1018 806 rivos
1026 735 1109 805 Vic·
1220 782 1222 787 -

103 863 161 920 tor
193 849 392 922 deduxerit.
420 852 536 937 Quem
565 875 652 921 vero
683 848 789 927 trium
816 848 978 937 illorum,
1014 868 1109 942 quos

103 961 236 1059 Aquilae
258 962 405 1034 nomine
427 957 630 1058 designatos
645 960 945 1033 commemoravit
968 959 1104 1048 Maius,

103 1073 171 1146 sibi
186 1076 364 1175 praecipue
377 1073 662 1172 adsequendum
676 1073 805 1145 ducem
821 1073 944 1144 Victor
962 1069 1106 1165 clegerit

102 1188 279 1259 incertum
297 1203 369 1280 est3
392 1189 428 1260 in
446 1192 536 1260 una¹
552 1179 672 1259 tamen
693 1211 734 1258 ex
758 1185 800 1256 iis
820 1183 953 1256 notulis
974 1180 1106 1279 quibus

102 1301 252 1373 Victoris
285 1301 503 1374 rhetoricam
534 1299 681 1397 eclogcn
717 1299 828 1371 Maius
859 1295 1103 1394 locupletavit,

103 1413 268 1509 Aquilam
274 1413 394 1503 illum,
411 1426 580 1482 tractatus
593 1411 638 1485 de
646 1412 782 1507 Figuris
798 1423 981 1482 auctorem
995 1406 1108 1478 modo

105 1526 404 1622 suprascriptum,
424 1525 574 1596 innuere
582 1525 724 1597 videtur
733 1526 826 1596 inter
844 1548 905 1593 eos
922 1521 1119 1608 exstitisse„

102 1638 165 1734 qui
186 1638 321 1709 Victori
346 1651 471 1709 nostro
495 1652 530 1708 et
558 1649 732 1734 praecepta
760 1622 795 1711 et
829 1632 993 1731 exempla
1023 1655 1115 1728 sup·-

101 1746 350 1848 peditaverint.
383 1747 665 1820 Celeberrimum
697 1746 794 1818 enim
824 1749 871 1818 M.
902 1743 1006 1815 Tullii
1039 1767 1119 1840 pro

102 1856 217 1928 Gallio
260 1855 454 1956 deperditae
495 1856 670 1927 orationis
709 1854 966 1950 fragmentum,
1006 1850 1118 1948 quod

100 1971 139 2039 in
166 1971 284 2066 operis
308 1971 424 2066 capite
452 1969 560 2038 refert
578 1969 702 2039 Victor
728 1968 786 2038 cui
819 1967 864 2038 de
889 1965 1124 2060 Obliquitate

104 2079 228 2149 titulus
244 2094 310 2168 est,
322 2081 436 2150 Maius
453 2079 498 2149 ab
520 2077 646 2175 Aquila
657 2078 702 2148 de
716 2077 836 2172 figuris
851 2077 1120 2169 sententiarumr

104 2190 282 2263 scribente
307 2191 455 2262 citatum
481 2214 556 2260 esse
573 2188 835 2260 animadvertit.
862 2187 933 2260 Sed
955 2182 1125 2285 ingenue?

102 2303 291 2393 fateamur,
324 2302 415 2372 nihil
446 2300 493 2372 ad
524 2327 600 2373 rem
628 2302 768 2373 erudita
795 2301 878 2374 Maii
899 2300 1104 2393 annotati0,

102 2416 279 2512 siquidem
309 2414 514 2511 exemplum
541 2413 638 2484 idem
666 2413 792 2484 iisdem
815 2413 966 2488 omnino
987 2409 1116 2499 verbis,

102 2551 308 2625 expressum
335 2525 435 2624 apud
454 2528 501 2599 M.
528 2524 681 2600 Fabium
703 2526 893 2624 reperias¹‚
920 2539 956 2597 et
982 2549 1026 2595 co
1046 2549 1109 2597 ve·

101 2639 281 2711 risimilius
292 2639 336 2709 sit
347 2663 392 2708 cx
407 2637 486 2734 ipso
500 2637 722 2725 Quintiliano
736 2662 811 2713 esse
828 2638 990 2727 ductum,
1005 2637 1106 2733 quod
1123 2640 1126 2649 '

101 2752 273 2850 pleraque
296 2773 375 2846 quae
399 2751 437 2820 in
465 2750 580 2848 capite
602 2749 664 2820 illo
692 2766 849 2849 praesunt
870 2738 930 2821 aut
955 2748 1106 2821 subsunt

102 2862 275 2960 exempla,
297 2886 318 2934 a
335 2862 558 2949 Quintiliano
575 2861 719 2952 codem,
740 2864 846 2933 etiam
860 2862 1040 2934 interdum
1059 2861 1106 2947 ad

102 2974 473 3072 verbum'desumpta,
487 2991 693 3073 persecutus
707 2990 760 3047 est
771 2977 907 3048 Victor.
924 2979 1015 3073 Ergo
1030 2999 1106 3047 non
1199 3052 1201 3056 ,

102 3087 187 3159 inde
198 3089 310 3185 liquet
322 3112 431 3185 quem
440 3113 523 3160 vere
540 3087 704 3185 Aquilam
719 3087 787 3160 sibi
805 3087 985 3185 exemplar
1001 3093 1109 3185 cepe2'

105 3202 167 3290 rit3
184 3214 392 3298 quanquam
404 3199 626 3298 probabilius
643 3214 708 3293 est,
727 3200 834 3288 Maio,
852 3213 892 3270 ut
908 3197 1108 3295 significare

105 3313 256 3405 videtur,
283 3328 446 3405 auctore,
462 3314 635 3411 Aquilam
659 3312 758 3386 hunc
785 3313 908 3404 fuisse,
934 3311 1035 3408 cujus
1059 3311 1110 3383 de

102 3429 290 3502 rhetoricis
305 3429 439 3526 liguris
453 3441 622 3501 tractatus
638 3426 685 3499 ad
700 3441 837 3499 aetatem
855 3439 1017 3496 nostram
1033 3449 1108 3495 ser·
1185 3457 1192 3471 s

103 3556 207 3614 vatus
223 3556 276 3613 est
292 3554 329 3612 et
343 3539 516 3640 pervenit.
536 3544 589 3611 De
611 3537 737 3635 Aquila
753 3538 937 3609 hactenus.

150 3659 205 3724 De
225 3657 483 3726 Marcomanno
507 3666 628 3724 autem
647 3650 737 3721 nihil
758 3650 855 3720 aliud
873 3648 986 3720 Maius
1006 3648 1108 3719 inve·

103 3764 169 3856 nit,
188 3766 257 3836 nisi
273 3765 374 3862 quod
390 3763 467 3861 ejus
484 3763 667 3863 praeceptis
686 3762 972 3857 fortunatianus,
990 3760 1122 3840 victo>

144 4027 173 4082 1.
198 4007 605 4101 c.s.vict·.,1cap·.'xx11‚p.
623 4019 699 4093 rna,
713 4037 744 4078 ι.
760 4023 791 4078 r.

10 4120 20 4138 .,
144 4114 175 4170 a.
198 4111 433 4188 Quine1.,vn1,
450 4111 552 4182 aar.
