2738 4928
584 332 782 405 ..72-

184 490 394 592 spectaculis
412 502 475 562 aut
490 486 667 560 conviviis
685 500 747 557 aut
767 484 830 557 ubi
851 482 999 557 minime
1016 484 1188 558 convenit

178 606 380 678 doctrinam
413 618 520 700 atque
550 599 755 673 facundiam
780 597 983 688 venditare,
1012 611 1076 670 aut
1107 607 1197 672 rem'

177 715 701 820 publicamstreperelllinime
710 713 986 813 oportetvinum
996 711 1042 785 de
1051 712 1188 812 poculo

176 833 214 905 in
240 855 400 903 mensam
424 828 610 919 instillare,
637 826 748 925 idque
770 824 920 921 digitulo
947 824 1118 897 diducere
1146 826 1187 899 in

176 944 288 1018 lineas
301 948 323 1014 ¹.
348 943 438 1015 Mala
456 944 522 1015 ista
543 941 634 1014 satio
656 942 693 1012 in
719 939 886 1013 convivio
903 938 1045 1035 garrula
1062 963 1105 1011 ac
1121 962 1193 1037 per

176 1057 301 1128 vinum
327 1056 474 1147 diserta;
502 1071 537 1126 et
562 1055 634 1161 fgre
661 1054 783 1126 videas
809 1054 872 1151 qui
896 1053 980 1125 sicci
1011 1077 1055 1124 ae
1076 1052 1189 1127 sobrii

177 1169 266 1241 nihil
295 1185 398 1262 sunt,
424 1194 486 1241 eos
509 1166 675 1241 madidos
701 1166 887 1264 friguttire.
913 1171 957 1237 Et
979 1179 1189 1264 temporum

178 1279 243 1353 tibi
260 1305 346 1352 cura
365 1281 426 1370 sit,
445 1304 492 1352 ne
511 1279 549 1349 in
565 1277 675 1350 ‘rebus
694 1275 853 1349 tristibus
873 1275 972 1366 laeta,
989 1301 1036 1347 ne
1066 1276 1104 1346 in
1125 1274 1203 1346 lae·=

177 1394 328 1466 tioribus
344 1393 458 1466 tristia
469 1393 690 1465 introducas.
702 1393 747 1464 Hi
757 1391 946 1464 sunteuim
958 1415 1051 1487 quos
1061 1390 1189 1463 Cicero

177 1506 319 1605 ineptos
331 1521 453 1600 vocat,
468 1507 529 1605 qui
542 1532 661 1604 neque
672 1506 755 1595 ubi,
766 1524 836 1578 nec
847 1503 995 1603 quando
1003 1557 1013 1596 ,
1025 1527 1203 1576 neccum·

177 1619 308 1716 quibus
325 1620 532 1693 fabulentur
559 1621 779 1712 existimant,
806 1643 875 1690 nee
898 1617 1091 1716 quamdiu,
1119 1642 1190 1690 nec

177 1731 379 1828 quomodo.
397 1733 528 1805 Partim
543 1733 623 1832 plus
633 1734 809 1805 cachinno
824 1731 1065 1805 interturbant
1077 1756 1192 1830 quam

178 1844 297 1917 verbis
313 1845 509 1944 explicant,
525 1846 636 1918 verba
653 1846 867 1936 concidunt,
887 1843 1039 1942 syllabas
1054 1845 1195 1917 obscu-

178 1973 277 2050 rant,
291 1959 426 2031 litteras
435 1974 476 2031 ut
489 1959 583 2032 furto
598 1958 776 2032 auferunt.
790 1963 954 2056 Loquere
964 1973 1189 2056 opportune,

178 2074 329 2146 honeste
341 2129 350 2164 ,
362 2073 490 2164 latine,
503 2072 682 2166 dilucide,
696 2071 858 2173 placide,
872 2071 982 2171 plano
995 2095 1075 2160 ore,
1087 2069 1194 2147 vultu

179 2187 321 2285 quieto,
347 2185 505 2259 clamore
531 2186 650 2279 nullo,
680 2187 757 2259 siue
787 2183 987 2276 cachinno,
1011 2185 1088 2256 sine
1113 2182 1198 2256 aliis-

180 2301 312 2372 notatis
331 2324 451 2398 supra.
463 2299 615 2372 Multum
627 2300 672 2372 ad
683 2299 859 2373 sermonis
874 2299 1088 2394 elegantiam
1100 2320 1200 2369 cun-·

180 2410 295 2482 ferent
319 2409 505 2482 comoediae
525 2415 686 2485 veteres¹
704 2426 740 2482 et
765 2426 893 2507 togatae
920 2425 956 2481 et
980 2409 1192 2481 tabernariae

89 2564 92 2570 ·
181 2538 218 2595 et
232 2522 392 2595 atetlanae
411 2522 538 2594 fabulae
559 2521 596 2596 et
617 2524 878 2617 mimofabulae3
903 2523 1058 2596 multum
1083 2524 1195 2597 etiam

184 2636 342 2736 epistolae
357 2650 516 2727 veteres,
536 2639 575 2708 in
601 2638 725 2737 primis
742 2637 921 2710 Tullianae.
944 2667 963 2703 a

230 2751 383 2823 Victoris
416 2749 462 2823 de
489 2751 791 2825 sermocinatione
818 2766 926 2850 caput
958 2749 1004 2823 ad
1038 2749 1195 2825 verbum

181 2864 491 2962 transcripsimus,
510 2891 585 2964 qno
602 2865 757 2937 rhetoris
781 2866 894 2937 nostri
911 2864 1003 2937 ratio
1021 2879 1057 2936 et
1078 2864 1137 2937 via
1156 2878 1193 2939 et

181 2978 258 3075 ipse
271 2976 395 3071 styluS,
410 2976 510 3048 deca
523 3002 562 3049 re
577 3003 620 3048 ex
637 2977 799 3076 professo
812 2975 1030 3067 disserentis,
1049 2975 1194 3075 planius
1209 2978 1218 2995 ⁸

183 3087 371 3184 dijudicari
388 3103 522 3185 posset.
540 3087 582 3159 ld
601 3105 720 3161 autem
734 3090 834 3162 facile
849 3091 885 3162 in
900 3104 1056 3186 quatuor
1071 3104 1195 3188 partes

184 3198 375 3289 dividitur,
397 3201 529 3272 scilicet
544 3203 663 3300 primo
680 3202 763 3274 loco
781 3203 1011 3299 dignitatem,
1030 3201 1191 3274 secundo

183 3338 306 3404 usum,
319 3315 424 3386 tertio
433 3315 581 3386 virtutes
595 3331 630 3387 et
640 3316 725 3388 vitia
742 3317 918 3389 sermonis
929 3371 938 3404 ,
951 3331 1081 3413 quarto
1091 3312 1193 3413 quud

183 3427 228 3499 ad
244 3426 403 3524 ejusdem
413 3427 623 3525 perficiendi
641 3430 817 3502 rationem
829 3429 1025 3530 plurimum
1035 3428 1190 3501 confert.

224 3671 251 3729 t.
275 3671 316 3727 Ut
327 3668 376 3727 ille
386 3667 469 3728 miles
480 3669 558 3749 apud
571 3669 656 3732 Ovid.
675 3693 719 3748 ep.
742 3674 879 3750 Penelop.
895 3691 925 3734 v.
941 3675 979 3732 32
996 3693 1004 3729 z
1025 3697 1037 3725 ιι
1055 3670 1154 3750 Pingit
1164 3680 1197 3730 et

183 3764 290 3846 exiguo
303 3771 444 3846 Pergama
457 3780 516 3826 tota
529 3789 621 3830 meru.
639 3795 652 3820 a·
668 3774 753 3842 (Not.
769 3770 870 3847 Maii.)

224 3860 254 3918 ἢ.
276 3860 368 3931 Quem
391 3856 508 3934 quidem
533 3877 649 3917 sensum
671 3859 702 3917 in
726 3859 806 3918 hisce
831 3859 918 3919 Plinii
940 3857 1070 3918 iunioris
1095 3856 1195 3919 verbis

183 3966 352 4025 expressum
383 3946 542 4008 invenias:
570 3948 682 4030 «Legit
710 3948 781 4007 mihi
808 3948 979 4029 (Pompeius
1006 3948 1193 4035 Saturninus)

182 4056 277 4116 nuper
289 4037 440 4116 epistulas,
454 4058 526 4115 quas
542 4039 641 4097 uxoris
656 4059 719 4097 esse
732 4037 856 4098 dicebat.
872 4041 1006 4099 Plautum
1020 4038 1069 4099 vel
1082 4042 1196 4100 Teren·

183 4125 255 4185 tium
269 4139 366 4186 metro
376 4126 503 4186 solutum
521 4127 579 4209 legi
595 4128 741 4188 credidi.»
757 4129 848 4208 (Plin.
864 4132 922 4208 Ep.
937 4132 969 4208 1,
983 4132 1055 4207 tu.)
