2738 4928
480 357 529 372 -
554 314 628 392 109·
648 360 699 376 -

89 468 141 540 tio
152 465 318 538 destinati
329 465 435 541 nobis
450 469 567 566 operis
577 471 780 567 scripsimus
790 476 812 564 ¹,
829 460 922 545 Maio
935 474 1084 545 omnino

88 583 325 654 assentiamur
346 587 386 653 C.
416 583 548 655 Julium
570 585 751 657 Victorem
772 588 953 660 rhetorem
976 589 1085 660 Galli-¹

88 720 178 773 cum
200 693 300 779 haud
326 721 363 765 rv
387 695 514 767 saeculo
539 698 697 794 priorem
718 700 823 771 fuisse
851 703 1083 792 existimanti,

86 806 251 899 indenos
264 808 394 904 liquet,
412 809 478 880 tria
494 808 637 880 dicendi
651 836 778 907 genera
797 813 987 885 Gallicanis
1006 827 1091 886 orat

87 920 285 994 toribusac
302 921 504 994 rhetoribus
512 922 582 993 hoc
591 923 720 993 saeculo
733 926 875 1013 usitata,
887 926 1087 998 Tullianum

87 1037 229 1131 nempe?
244 1034 519 1127 acPliniauum,
540 1035 639 1132 quod
661 1035 829 1136 deinceps
855 1039 1086 1135 Symmachus

87 1169 135 1220 ac
144 1147 312 1231 Sidonius
337 1150 448 1220 secuti
468 1163 567 1237 suut,
587 1164 621 1220 et
639 1152 921 1223 Frontonianum
944 1151 1087 1225 dicendi

88 1283 228 1354 genus,
263 1262 384 1333 auimo
416 1275 646 1358 repete-ntes,
679 1263 877 1334 existimare
907 1265 1088 1336 Victorem

87 1396 204 1455 unum
234 1399 281 1448 ex
306 1376 348 1445 iis
379 1373 573 1445 Galliarum
607 1401 643 1444 rv
673 1376 789 1447 saeculi
816 1378 989 1473 magistris
1015 1379 1088 1448 elo-

88 1487 242 1582 quentiae
258 1488 446 1576 exstitisse,
468 1488 530 1584 qui
544 1487 665 1584 potius
685 1489 957 1560 Ciceronianam
977 1514 1086 1585 qoam

89 1596 288 1670 Plinianam
303 1600 656 1696 Frontonianumque
674 1615 806 1671 sectam
828 1601 981 1698 amplexi
999 1602 1084 1673 sint·

88 1713 168 1780 Non
191 1712 291 1806 quod
308 1711 458 1781 otnnino
476 1726 609 1781 ceteras
630 1711 837 1806 neglexerit,
859 1729 984 1809 utpote
1000 1715 1083 1810 qui,

88 1837 134 1897 ut¹
145 1822 528 1895 rhetorices.titulusac
545 1823 827 1913 finistestantur,
841 1825 1086 1896 interdicendi

88 1940 278 2007 auctoresl
281 1935 391 2006 ulium
404 1936 593 2023 Titianum,
604 1939 853 2008 Frontonianae
862 1954 964 2008 sectae
976 1939 1087 2008 homi·

87 2072 174 2121 nem
197 2063 338 2119 secutus
361 2050 426 2137 sit,
447 2048 510 2118 sed
534 2049 635 2144 quod
653 2050 828 2146 imprimis
850 2051 1001 2121 Tullium
1020 2050 1087 2121 sibi

88 2159 304 2258 dicendique
334 2176 518 2231 auctorem
543 2162 784 2256 proposuerit.
812 2162 898 2231 lnde
922 2162 962 2233 fit
987 2161 1087 2259 quod

88 2272 220 2370 passim
236 2272 272 2341 in
296 2271 403 2367 hujus
422 2269 640 2368 compendio
665 2273 935 2365 annotavimus,
958 2289 994 2344 ut
1009 2273 1088 2344 nul-

87 2384 163 2456 lum
180 2385 290 2455 alium
307 2387 471 2456 Latinum
489 2385 632 2455 dicendi
651 2383 922 2483 preceptorem,
942 2389 1010 2458 nisi
1030 2391 1088 2460 Ci-

88 2521 259 2570 ceronem
279 2513 315 2569 et
330 2497 436 2592 hujus
458 2499 679 2594 praecipuum
693 2498 945 2570 admiratorem
959 2505 1005 2570 ll.
1022 2507 1088 2572 Fa·

86 2609 190 2682 bium
203 2612 431 2701 annomiuet,
448 2634 489 2681 ac
503 2634 688 2706 nunquam
709 2636 825 2707 neque
843 2614 1009 2702 Plinium,
1027 2639 1087 2684 ue-

87 2749 160 2823 que
177 2729 407 2812 Frontonem,
420 2748 538 2819 neque
547 2723 821 2818 Symmachum,
835 2726 864 2794 si
881 2726 971 2797 forte
987 2726 1088 2797 illum

88 2861 239 2908 noscere
270 2838 450 2934 potuerit,
471 2837 810 2908 commemorandos
834 2863 910 2908 esse
939 2839 1047 2910 ducat
1060 2843 1083 2908 ².

89 2951 224 3020 Contra
242 2965 363 3020 autem
379 2964 518 3020 tantum
535 2949 633 3020 abest
653 2964 691 3019 ut
708 2969 1028 3048 eorum-praecepta
1053 2966 1093 3025 et

88 3060 253 3159 exempla
268 3060 337 3130 sihi
351 3061 619 3148 accommodet,
638 3076 679 3132 ut
692 3061 826 3159 ubique
842 3063 985 3135 dicendi
1001 3066 1089 3164 pha·

89 3172 245 3244 lerarum
262 3186 297 3242 et
312 3171 544 3243 flosculorum
560 3189 595 3243 et
615 3174 776 3254 inanium
793 3177 829 3246 in
846 3180 1028 3249 sententiis
1045 3179 1087 3250 il-

89 3286 312 3359 lecebrarum
337 3287 594 3384 reprehensor,
614 3285 749 3382 largam
772 3287 869 3359 illam
896 3306 930 3360 et
955 3307 1089 3363 naturae

89 3405 233 3498 semper
256 3415 534 3471 consentaneam
561 3399 663 3469 'tullii
693 3399 930 3495 eloquentiam
956 3405 1094 3475 sivein

91 3513 332 3599 orationihus,
349 3515 422 3584 sive
438 3514 474 3582 in
490 3511 647 3609 epistolis
664 3513 753 3582 mira
772 3512 994 3610 simplicitate
1011 3543 1089 3588 ver·

90 3627 222 3699 borum
233 3651 273 3697 ac
283 3652 404 3697 rerum
414 3627 581 3699 varietate
592 3625 767 3695 distinctis
780 3626 948 3721 requirat.
965 3632 1097 3726 ltaque*

90 3739 197 3836 longe
209 3740 370 3836 prolecto
388 3765 410 3810 a
430 3737 662 3834 Symmacho³
678 3739 784 3810 distat
808 3739 883 3817 haec
904 3741 950 3813 ad
975 3741 1088 3815 filium

130 3917 161 3971 l.
182 3911 256 3970 Vide
270 3933 299 3991 p.
315 3916 344 3972 l.

130 4005 160 4062 a.
181 4001 254 4059 ride
272 4021 300 4078 p.
323 4004 378 4076 n,
396 4021 426 4079 p.
443 4003 512 4061 toa.

131 4094 161 4150 3.
187 4089 353 4168 symmach.
368 4091 461 4164 Epist.
478 4093 541 4165 Vll,
559 4109 606 4150 xa
700 4085 705 4092 ’
