2738 4928
628 733 807 824 CAPUT
841 735 902 824 ΙΙ.

283 1108 307 1191 S
329 1113 358 1167 1.
382 1113 453 1184 Quae
479 1108 601 1168 virtutes
629 1121 658 1168 et
685 1107 756 1166 vitia
775 1107 806 1165 in
833 1110 866 1166 C.
892 1105 962 1164 tulii
986 1103 1108 1164 Victon's
1131 1123 1235 1182 opere,

356 1199 483 1279 exceptis
502 1197 615 1258 duobus
638 1197 745 1257 ultimis
764 1195 922 1276 capitibus,
945 1195 1089 1274 praecipua
1105 1195 1174 1253 sint.

314 1446 567 1520 Adsecundam
574 1448 863 1547 propositinostri
871 1461 1007 1546 partem
1015 1447 1267 1545 exponendam

264 1560 495 1659 pertinebunt
505 1586 751 1658 quaecumque,
762 1560 808 1632 de
816 1559 1006 1631 virtutibus
1019 1575 1052 1630 et
1062 1560 1154 1630 vitiis
1164 1575 1198 1631 et
1208 1585 1268 1632 va-

265 1672 325 1743 riis
343 1671 546 1744 Rhetorices
568 1673 720 1744 Victoris
737 1670 958 1762 utilitatibus,
978 1673 1184 1743 summatim
1201 1672 1269 1743 dis·

265 1785 385 1881 putari
401 1799 563 1880 possunt.
584 1789 746 1871 Quarum
765 1784 924 1882 proiecto
942 1785 1112 1854 virtutum
1126 1791 1201 1855 non
1217 1800 1270 1856 est

265 1897 415 1967 minima
428 1897 500 1987 illa,
512 1924 584 1995 qna
598 1898 788 1997 saepissime
800 1912 836 1969 et
853 1898 984 1995 passim
996 1898 1265 1990 sententiarum,

264 2007 470 2102 verborum,
486 2025 703 2109 temporum,
724 2035 957 2110 personarum
981 2016 1171 2107 rerumque
1190 2030 1271 2082 our·

265 2122 367 2193 nium
397 2125 685 2197 convenientiam
711 2126 746 2195 in
774 2138 947 2222 perpetuo
969 2123 1113 2196 dicendi
1144 2139 1269 2196 tenore

263 2236 479 2314 servandam
504 2263 578 2310 esse
605 2237 805 2337 profitetur.
835 2235 1114 2334 Ubique‘enim‚
1132 2262 1196 2309 seu
1225 2238 1269 2310 dc

261 2352 402 2448 uulgari
419 2351 561 2423 dicendi
585 2352 762 2451 principio
790 2351 964 2449 imprimis
989 2350 1158 2445 fugiendo
1184 2352 1269 2422 scri·

262 2464 328 2539 bat
339 2470 361 2560 ¹,
377 2493 440 2539 seu
456 2467 544 2565 quid
556 2466 600 2539 sit
611 2482 692 2565 apte
708 2465 809 2562 loqui
824 2464 979 2536 breviter
991 2462 1191 2559 significet¹,
1207 2489 1270 2535 seu

263 2581 474 2656 indecoram
487 2581 817 2680 pronuntiationem
827 2594 862 2652 et
871 2577 1097 2650 indecentem
1107 2575 1270 2647 habitum

266 2717 374 2799 atquc
396 2716 525 2772 nutum
544 2694 814 2795 reprehendat⁸‚
834 2717 974 2790 semper
995 2690 1270 2763 Ciceroniannm

267 2813 339 2886 hoc
349 2827 431 2885 ante
445 2812 570 2885 oculos
580 2810 690 2882 habet
705 2809 764 2878 :«⁸
777 2807 872 2876 Utin
887 2807 971 2892 vita,
990 2804 1091 2875 sicin
1109 2803 1270 2874 oratione

269 2928 359 2998 nihil
378 2940 431 2997 est
447 2923 624 2995 difficilius
644 2946 754 3018 quam
766 2919 853 3016 qnid
875 2918 1000 2989 deceat
1013 2916 1155 3005 videre,
1176 2943 1195 2982 »
1211 2931 1271 2986 aut

270 3038 394 3111 illud':
410 3067 427 3105 «
441 3036 533 3106 Nihil
545 3033 643 3106 alind
661 3058 737 3105 esse
753 3033 914 3128 ineptum
934 3053 1043 3127 qnam
1057 3029 1176 3099 minus
1189 3042 1270 3125 apte

270 3150 402 3222 dicere.
420 3181 437 3215 »
450 3148 546 3237 Quid
559 3146 752 3246 pluraitot
768 3168 810 3215 ac
828 3159 900 3213 tam
917 3142 1118 3238 frequenter
1130 3140 1272 3212 variatis

270 3263 388 3336 modis
403 3263 463 3334 hic
476 3263 546 3332 illic
557 3275 677 3332 noster
686 3283 728 3329 ea
737 3255 977 3355 prosequitur,
993 3252 1089 3323 unde
1102 3266 1183 3351 apta
1197 3251 1272 3322 effi·

271 3378 383 3449 ciatur
400 3377 529 3467 oratic,
544 3388 584 3445 ut
594 3372 698 3464 mihi,
710 3373 739 3441 si
751 3395 839 3469 pace
851 3393 964 3465 quum
976 3367 1182 3463 legentium,
1196 3380 1271 3436 tum

271 3486 568 3588 doctissimiiilaii‚
578 3484 749 3582 suspicari
758 3482 873 3572 liceat,
883 3479 931 3550 ob
942 3493 1165 3550 constantem
1176 3477 1272 3549 illam

313 3703 342 3757 1.
365 3701 398 3758 C.
412 3699 439 3755 J.
456 3695 544 3768 vicu,
559 3714 624 3772 rap.
638 3714 691 3764 xv,
706 3712 737 3771 p.
754 3695 803 3753 85.

312 3791 341 3846 2.
364 3787 454 3860 Ibat„
470 3807 533 3864 cap.
547 3806 601 3855 xx,
617 3804 647 3862 p.
664 3788 720 3857 973
735 3803 800 3862 cap.
816 3801 941 3860 xx11‚p.
962 3785 1031 3840 109.

314 3882 343 3937 3.
365 3876 455 3950 thiu,
470 3896 534 3954 cap.
551 3896 639 3945 xxiv,
652 3895 681 3952 p.
698 3877 772 3944 tte,
789 3875 856 3934 111.

313 3973 343 4030 d.
368 3968 426 4027 Cic.
445 3970 557 4039 Orator,
573 3985 636 4043 cap.
651 3984 713 4022 xxi.
730 3963 772 4022 Cf.
790 3967 825 4020 de
841 3965 971 4034 Oratore,
986 3963 1016 4033 1,
1032 3963 1082 4019 29.

313 4059 342 4114 5.
363 4055 422 4115 Cic.
435 4057 472 4111 dc
485 4057 613 4125 Oratore,
629 4054 675 4125 11,
690 4054 720 4110 4.
