2738 4928
482 321 678 396 ..93-

75 483 113 540 et
124 467 175 557 ad
190 467 316 538 Dionis
334 467 559 566 propinquos
584 468 734 568 epistola
753 471 920 559 Platonis.
942 479 981 544 ln
998 477 1083 548 uni-

75 579 217 669 versum
232 595 352 651 autem
370 581 560 652 misceatur
571 581 731 680 epistola,
751 581 851 678 quod
863 582 910 654 ad
926 583 1083 659 locutio-

75 718 159 764 nem
176 693 275 788 facit,
297 719 340 766 ex
357 693 497 766 duabus
515 693 572 764 his
590 694 727 787 formis,
747 710 915 785 venusta,
933 693 1082 797 inquam

74 821 111 878 et
127 807 238 879 tenui.
259 835 277 875 ν
296 811 412 894 Quem
429 806 576 903 quidem
592 807 764 878 Demetrii
786 807 831 879 de
847 810 1081 906 epistolarum

73 919 232 993 dictione
263 935 298 992 et
324 921 477 1018 propriis
501 919 608 992 rebus
635 920 755 991 locum
785 927 1082 1023 operaepretium

71 1049 166 1105 esset
183 1034 311 1105 multas
328 1033 366 1104 in
388 1048 508 1132 partes
529 1041 716 1105 tractatum
737 1035 944 1132 explanare3
964 1038 1027 1109 sed
1043 1040 1082 1112 id

71 1171 147 1216 non
161 1147 207 1218 ad
225 1172 301 1217 rem
318 1147 424 1217 nobis
436 1148 534 1218 nunc
548 1149 781 1246 propositam.
805 1152 857 1220 De
871 1149 941 1222 hoc
959 1166 1080 1225 tamen

73 1264 296 1335 mentionem
317 1263 434 1335 obiter
452 1263 539 1355 seci,
572 1279 606 1335 et
633 1265 738 1360 quia,
764 1288 876 1361 quum
902 1268 1082 1345 rarissima

73 1375 143 1467 sint
159 1391 321 1446 veterum
338 1375 383 1447 de
394 1375 551 1475 epistolis
564 1377 797 1469 testimonia¹,
813 1403 887 1449 non
901 1403 1082 1476 operama

75 1514 133 1563 me
149 1478 332 1588 perditum
343 1491 387 1560 iri
403 1489 554 1580 credidi,
577 1490 607 1560 si
625 1491 662 1561 in
680 1516 795 1562 unum
820 1493 974 1589 spatium
991 1519 1080 1565 con·

72 1602 199 1673 ferrern
209 1627 445 1699 quaecumque
462 1617 524 1673 aut
536 1606 656 1673 Graeca
676 1617 737 1674 aut
750 1607 910 1676 Romana
928 1607 1080 1702 antiqui·
1119 1667 1120 1670 ,

72 1729 126 1786 tas
144 1714 189 1786 de
205 1714 266 1785 illo
284 1712 464 1785 scribendi
488 1739 619 1810 genere
644 1715 840 1813 disciplinis
863 1718 1080 1813 quibusdam

71 1826 200 1898 edocta
217 1828 429 1916 transmisit;
451 1842 487 1899 et
508 1827 591 1924 quia
608 1825 749 1926 planius
772 1853 814 1900 ex
832 1854 873 1901 ea
890 1830 1080 1905 collatione

70 1939 226 2038 perspici
245 1955 364 2039 potest
382 1955 417 2011 et
434 1939 622 2036 dijudicari
643 1941 732 2038 quid
747 1943 868 2013 Victor
886 1941 932 2014 de
949 1945 1080 2043 episto·

70 2055 139 2128 lari
156 2051 284 2145 forma,
304 2054 488 2152 praeceptis
504 2055 662 2151 primum
673 2054 719 2126 ab
732 2057 809 2153 ipso
822 2059 946 2129 Latine
960 2059 1079 2130 rheto-

68 2167 152 2238 ricis
168 2192 211 2240 ex
227 2168 389 2266 professo
407 2167 593 2264 explicata,
614 2170 775 2239 senserit.
789 2170 885 2256 Quid
902 2186 1022 2241 autem
1036 2197 1079 2244 ex

71 2279 241 2351 omnihus
257 2279 448 2368 Demetrii,
465 2279 660 2371 Ciceronis,
680 2281 903 2372 Quintiliani,
917 2298 978 2355 aut
990 2310 1077 2356 con·

70 2393 220 2490 gregatis
230 2406 292 2464 aut
301 2392 482 2490 dispersis,
496 2391 541 2463 de
556 2392 787 2492 epistolarum
800 2411 925 2468 natura
934 2397 1078 2492 judiciis

112 2664 141 2718 1.
163 2657 235 2715 Mihi
255 2656 285 2714 in
308 2667 447 2734 promptu
468 2667 543 2714 esset
564 2655 645 2715 varia
667 2655 859 2714 recentiorum
887 2658 1075 2738 scriptorum,

69 2747 223 2821 Politiani,
238 2747 366 2818 Erasmi,
387 2751 404 2804 J
407 2745 462 2803 usti
483 2745 574 2823 Lipsii
592 2745 629 2803 de
645 2746 831 2823 antiquorum
850 2749 978 2824 epistolis
995 2751 1077 2808 testi-

69 2835 167 2896 monia
182 2856 216 2894 ac
230 2835 339 2912 judicia
352 2836 475 2910 asserre,
489 2853 553 2912 quae
567 2833 634 2891 ideo
655 2835 887 2912 praetermittam,
905 2837 983 2914 quod
997 2839 1076 2898 omni

69 2927 130 2986 fere
149 2948 187 2987 ex
204 2940 306 3005 parte,
324 2947 390 2984 cum
408 2924 444 2982 iis
464 2943 529 3002 quae
550 2926 792 2996 memoravimus,
821 2926 1008 3006 consentiant.
1039 2934 1077 2987 At

68 3038 184 3096 nequeo
200 3017 271 3076 mihi
284 3030 445 3095 temperare
459 3012 615 3093 quominus
626 3015 728 3072 ceteris
738 3027 869 3072 veterum
884 3016 1074 3094 scriptorum,

69 3129 133 3186 quae
141 3108 177 3166 ad
189 3106 324 3186 epistolas
332 3117 473 3186 spectant,
484 3103 611 3178 indiciis,
623 3123 658 3162 ea
666 3103 850 3184 conjungam,
862 3125 927 3182 quae
936 3106 972 3164 de
982 3120 1076 3166 mate·
1111 3121 1114 3125 ’

69 3199 111 3256 ria
125 3197 228 3257 eadem
247 3196 360 3275 scripsit
376 3194 581 3268 Philostratus,
602 3213 653 3252 seu
673 3194 811 3272 quoniam
826 3195 934 3274 optime
953 3216 1020 3254 cum
1041 3196 1076 3255 iis
1171 3242 1174 3249 ,

69 3307 132 3366 quae
147 3286 233 3346 retuli
251 3285 394 3364 quadrant
403 3308 412 3358 ;
428 3305 479 3344 seu
495 3285 633 3362 quoniam
648 3284 804 3343 ostendunt
813 3297 1009 3364 quantopere,
1021 3286 1075 3345 suh

68 3378 205 3438 Romanis
213 3373 448 3455 imperatoribus,
459 3375 645 3453 epistolarum
654 3373 928 3432 conscribendarum
937 3394 984 3432 ars
997 3395 1015 3433 a
1028 3395 1076 3434 so-

68 3465 172 3548 phistis
185 3488 220 3527 ac
235 3463 399 3525 rhetoribus
413 3465 536 3535 Graecis,
552 3483 611 3521 non
625 3464 720 3522 minus
739 3483 826 3540 quarn
844 3463 969 3536 Latinis,
987 3483 1076 3525 accu-

69 3571 132 3618 rata
147 3557 191 3616 sit.
208 3561 278 3615 Haec
294 3568 390 3614 autem
407 3566 474 3612 sunt
487 3553 652 3612 Philostrati
668 3551 759 3610 verba
778 3574 785 3608 ε
804 3577 818 3605 ιι
829 3552 885 3611 Τὸν
905 3553 1074 3614 ἐπιστολικὸν

69 3650 229 3731 χαρακτῆρα
246 3651 293 3706 τοῦ
313 3645 392 3724 λόγου
411 3641 479 3723 μετὰ
494 3641 557 3708 τοὺς,
568 3639 695 3719 παλαιοὺς
711 3640 806 3722 ἄριστά
823 3665 867 3718 μοι
879 3642 986 3701 δοκοῦσι
1000 3644 1074 3702 διεσ-

70 3731 163 3819 κέφθαι
178 3733 328 3820 φιλοσόφων
342 3733 417 3811 μὲνδ
435 3730 553 3799 Τυανεὺς
572 3731 617 3790 καὶ
632 3733 719 3802 Δίων,
739 3735 895 3809 στρατηγῶν
914 3732 941 3792 δὲ
957 3734 1074 3810 Βροῦτος

69 3826 157 3908 hiup
177 3829 292 3909 Βροῦτος
311 3828 337 3894 ἐς
354 3824 386 3884 τὸ
405 3823 570 3883 ἐπιστελλειν
589 3825 704 3904 ἐχρῆτο,
729 3817 858 3900 βασιλέων
875 3821 914 3881 δ’ὁ
937 3820 1076 3892 leonium<

69 3917 200 3995 Μάρκος,
213 3905 290 3981 tvai<
304 3913 459 3974 ἐπέστελλεν
475 3910 563 3978 αὐτός·
577 3911 642 3991 πρὸς
656 3911 709 3990 γλρ
723 3915 760 3989 τῷ
770 3909 920 3989 κεκριμένα)
935 3911 1074 3990 τοῦλόγου
1117 3981 1121 3990 ‚

70 4004 152 4066 καὶτὸ
164 4005 265 4086 ἑδραῖον
274 4009 319 4063 τοῦ
328 4003 406 4076 ἤθους
418 4001 583 4063 ἐντετύπωτο
590 4005 646 4068 τοῖς
657 3996 808 4080 γράμμασι·
819 3998 935 4082 ῥητόρων
946 4001 970 4059 δ’
980 4000 1073 4080 ἄριστα

74 4095 120 4173 μὲν
138 4092 262 4176 Ἡρώδης
276 4098 290 4155 δ
303 4092 440 4169 Ἀθηναῖος
454 4091 622 4168 ἐπέστελλεν,
636 4087 845 4172 ὑπεραττικίζων
859 4087 946 4157 δὲκαὶ
960 4092 1075 4170 ὑπερλα·
