2738 4928
582 305 779 379 ..42-

179 478 240 529 mo
265 456 518 547 habuerimus,
543 457 572 527 si
596 455 697 527 illum
723 451 877 526 rhetoris
906 448 1020 521 nostri
1044 446 1180 522 librum

179 594 254 641 non
271 569 390 640 minus
404 593 513 666 quam
531 568 669 667 paginis
686 590 792 641 cxxvr
808 562 984 636 contineri
999 562 1181 657 cogitaue-

52 687 60 696 “
178 685 311 774 rimus,
332 697 410 754 tum
428 681 529 754 lacile
552 681 801 779 intelligemus,
821 699 935 775 quum
950 676 989 745 in
1004 674 1048 746 iis
1057 675 1182 746 Victor

178 797 333 894 plurima
370 795 579 882 Quintiliani
608 809 644 866 et
673 791 855 866 Ciceronis
884 802 921 861 et
943 787 1181 861 vetustiorum

179 911 287 980 etiam
311 922 508 1000 oratorum,
529 912 576 979 Μ.
599 908 745 980 Catonis
764 901 938 993 Censorii,
954 904 995 972 C.
1009 900 1178 992 Gracchi,

179 1021 303 1091 Fannii
321 1036 357 1092 et
374 1021 528 1092 aliorum
545 1021 625 1092 loca
643 1018 875 1116 congesserit,
896 1037 1081 1112 quumque
1097 1013 1179 1084 nul·

179 1132 254 1204 lum
267 1158 419 1231 usquam
429 1134 537 1206 alium
547 1150 629 1233 post
643 1130 852 1222 Quintiliani
864 1127 1182 1224 temporascripto-

178 1270 257 1317 rem
267 1247 449 1343 adjecerit,
462 1247 581 1319 dedita
594 1245 755 1347 profecto
768 1264 879 1343 opera
896 1238 1034 1310 nullam
1048 1237 1182 1309 horum

179 1359 400 1456 cujuslibeta
416 1362 559 1433 Victore
576 1387 652 1434 esse
668 1360 797 1432 laetam
814 1355 1046 1428 mentionem.
1064 1356 1109 1423 Et
1124 1350 1182 1422 lir-

180 1472 272 1543 mius
281 1475 389 1545 etiam
400 1475 437 1545 in
449 1474 625 1545 sententia
634 1498 676 1546 aa
686 1467 970 1558 confirmabitur,
986 1466 1048 1563 qui
1059 1484 1182 1536 secum

180 1599 427 1685 contemptum
436 1587 628 1684 quemdam
638 1585 847 1659 recordatus
859 1582 939 1674 erit,
952 1605 1040 1678 quo,
1054 1593 1094 1650 ut
1104 1578 1183 1651 bre·

179 1696 269 1765 viter
283 1712 387 1768 antea
410 1700 692 1795 perstrinximus,
711 1695 902 1768 sententias
920 1694 1043 1764 Victor
1065 1706 1102 1762 et
1123 1690 1184 1762 de·

179 1808 410 1881 clamationes
423 1824 459 1881 et
475 1812 704 1908 panegyricas
721 1809 902 1881 orationes
912 1807 1103 1876 insectatus
1113 1817 1181 1875 est.

180 1921 288 2016 Cujus
298 1923 445 2018 quidem
458 1923 679 1996 manifestius
692 1919 902 2020 designandi
911 1915 1181 2008 causa-fastidii,

179 2047 241 2103 aut
256 2034 349 2131 ipse,
371 2050 432 2106 aut
452 2037 595 2131 ignotus
613 2035 740 2133 aliquis
757 2033 926 2106 rhetorici
942 2031 1048 2127 hujus
1065 2031 1185 2130 operis

179 2161 385 2239 annotator,
403 2147 522 2220 hocin
539 2150 702 2248 margine
713 2147 873 2221 vicesimi
883 2160 920 2218 et
930 2145 1046 2242 quinti
1057 2143 1185 2242 capitis

179 2258 356 2331 scholium
373 2260 604 2359 subscripsit:
623 2266 670 2328 «·¹
681 2261 937 2358 Panegyricum
953 2271 1007 2329 est
1019 2257 1184 2329 licentio·
1218 2339 1222 2345 ,

138 2454 140 2457 ,
180 2394 260 2441 sum
277 2386 313 2442 et
327 2373 499 2445 lascivum
516 2398 628 2469 genus
644 2371 789 2445 dicendi
805 2374 843 2444 in
860 2369 1027 2443 laudibus
1043 2390 1181 2464 regum,

180 2483 217 2552 in
242 2484 344 2580 cujus
371 2486 632 2584 compositione
652 2485 819 2557 homines
842 2483 963 2554 multis
987 2479 1185 2554 mendaciis

180 2593 372 2668 adulantur
383 2626 392 2690 ;
405 2596 503 2694 quod
520 2597 684 2670 maluma
698 2598 829 2670 Graecis
841 2610 1005 2668 exortum
1016 2608 1081 2685 est,
1095 2617 1186 2691 quo-

131 2695 140 2705 ’
180 2731 261 2779 rum
278 2707 402 2782 levitas
424 2711 596 2784 instructa
614 2711 758 2785 dicendi
778 2709 944 2783 facultate
959 2723 995 2780 et
1010 2708 1116 2806 copia
1131 2709 1185 2778 in-

180 2823 343 2894 credibili
360 2823 489 2896 multas
502 2824 775 2897 mendaciorum
784 2822 937 2895 nebulas
947 2820 1140 2894 suscitavit.
1163 2849 1181 2886 a

180 2937 409 3036 Quapropter
422 2938 506 3009 inde
519 2938 691 3036 suspicari
705 2939 799 3028 licet,
818 2959 936 3034 neque
955 2934 1059 3006 Plinii
1074 2934 1186 3032 ipsius

180 3048 336 3120 Junioris
362 3050 490 3124 subtile
511 3076 661 3123 acumen
674 3068 709 3125 et
725 3053 869 3125 crebras
880 3049 1077 3122 sententias
1092 3062 1128 3119 et
1145 3048 1183 3118 in

180 3162 320 3233 minuta
336 3187 485 3262 quaeque
501 3165 642 3261 Trajani
658 3164 808 3237 laudum
823 3164 1002 3263 praeconia
1019 3159 1185 3234 ornando

79 3352 82 3360 ,
179 3289 420 3370 venustatem,
438 3296 556 3375 neque
577 3277 720 3349 delicias
741 3278 818 3350 illas
833 3289 869 3348 et
892 3276 1009 3347 futiles
1030 3273 1184 3370 argutias

178 3386 365 3461 rhetorum
378 3415 504 3463 eorum
515 3393 593 3489 qui,
609 3392 701 3463 sicut
710 3390 955 3479 Mamertinus,
965 3391 1185 3482 etbugusto·

179 3499 349 3576 dunensis
368 3505 563 3577 Eumenius
578 3518 614 3577 et
630 3505 811 3597 Nazarius,
828 3516 864 3575 et
874 3507 1023 3574 Pacatus
1045 3504 1185 3597 Drepa-

179 3614 277 3706 nius,
295 3617 436 3708 GalluS,
462 3633 502 3689 ut
526 3619 718 3690 verisimile
744 3631 816 3710 cst,
837 3613 971 3704 homo,
1001 3615 1184 3684 Romanos

178 3729 359 3827 principes
375 3731 591 3823 extulerunt,
602 3732 738 3803 Victori
748 3744 873 3803 nostro
886 3726 1073 3826 placuisse.
1087 3719 1184 3810 Quid

179 3844 287 3914 etiam
308 3841 449 3941 longius
475 3869 535 3918 me
557 3845 848 3944 progredientem
872 3840 921 3916 ab
943 3841 982 3914 id
999 3835 1184 3913 credendo

219 4091 250 4149 l.
272 4087 304 4146 C.
319 4090 347 4146 J.
361 4086 451 4164 vict,
466 4108 530 4168 cap.
544 4103 616 4163 xxv,
631 4111 663 4172 p.
682 4092 753 4153 ¹20.
