2738 4928
539 709 797 816 INDEX.

517 1175 825 1246 PROOEMIUM.

175 1415 198 1497 3
216 1420 244 1473 1.
267 1421 309 1475 De
326 1400 420 1495 prima
435 1415 557 1475 Victoris
572 1414 663 1474 libelli
679 1415 805 1475 editione
821 1461 1090 1482 ..............
1161 1423 1175 1478 1

176 1511 198 1591 3
216 1517 245 1570 1.
268 1515 364 1586 Quare
376 1511 456 1570 hunc
466 1511 557 1591 ignoti
570 1511 694 1569 rhetoris
708 1511 814 1571 librum
827 1513 992 1592 expendere
1005 1526 1100 1573 tenta-

256 1608 361 1668 verim.
378 1651 1090 1674 ....................................
1161 1614 1180 1669 2

177 1704 199 1784 3
223 1707 252 1762 3.
276 1709 319 1762 De
334 1707 366 1763 C.
384 1703 461 1761 Julio
474 1703 590 1762 Victore
608 1724 700 1783 pauca
703 1749 1091 1771 ....................
1164 1710 1182 1765 3

177 1798 251 1880 31.
273 1803 317 1858 De
339 1799 503 1857 rhetoribus
529 1819 654 1876 quorum
682 1814 826 1880 praecepta
847 1801 878 1859 in
898 1802 1103 1880 compendium

259 1915 344 1954 suum
365 1895 510 1954 transtulit
522 1896 620 1954 Victor
622 1941 1093 1963 ........................
1165 1902 1183 1956 5

178 1987 201 2069 3
223 1992 252 2046 5.
274 1992 306 2048 G.
318 1989 388 2047 Julii
396 1989 519 2048 Victoris
528 1990 772 2049 ArtisRhetoricae
783 1993 967 2052 materiarum
979 2012 1102 2052 summa.
1146 1996 1184 2050 11

179 2083 202 2165 3
222 2085 251 2142 6.
273 2084 412 2162 Opusculi
424 2084 515 2142 nostri
531 2085 562 2143 in
577 2098 702 2163 quatuor
717 2101 813 2166 partes
829 2088 984 2167 descriptio
987 2133 1096 2150 ......
1146 2091 1185 2144 15

479 2315 639 2382 CAPUT
671 2317 883 2385 PRIMUM.

181 2524 206 2606 3
226 2529 255 2583 1.
277 2525 359 2584 De''
340 2546 375 2584 ns
393 2546 458 2604 quae
474 2526 511 2585 ab
525 2531 707 2636 Hermagora
724 2547 837 2586 seniore
854 2530 887 2587 C
902 2527 996 2586 Julius
1008 2527 1107 2586 Victor

263 2620 416 2699 assumpsit
418 2666 1096 2686 .................................
1145 2628 1184 2681 17

182 2715 205 2797 3
224 2721 254 2776 1.
278 2723 322 2776 De
338 2717 444 2796 triplici
461 2718 572 2777 ratione
586 2737 644 2796 qua
656 2718 754 2776 Victor
766 2718 935 2778 Ciceronem
949 2731 977 2777 et
990 2718 1107 2792 Quinti-

263 2813 374 2872 lianum
391 2818 507 2874 secutus
523 2825 565 2872 est
567 2857 1098 2877 ...........................
1148 2815 1186 2871 tt

442 3036 605 3104 CAPUT
637 3035 928 3103 SECUNDUM.

184 3249 256 3331 31.
279 3250 350 3321 Quae
374 3245 495 3305 virtutes
522 3258 551 3304 et
572 3245 642 3304 vitia
665 3245 696 3304 in
717 3248 749 3304 C.
774 3244 845 3304 Julii
866 3245 986 3304 Victoris
1005 3264 1109 3324 opere,

266 3340 394 3420 exceptis
408 3339 521 3399 dnobus
538 3339 646 3399 ultimis
660 3339 818 3419 capitibus,
833 3340 980 3419 praecipua
992 3341 1060 3403 sint.
1072 3386 1100 3403 ..
1151 3344 1189 3400 to

186 3438 208 3520 3
227 3443 257 3496 1.
280 3442 324 3494 De
344 3434 517 3513 quibusdam
532 3433 658 3492 rhetoris
671 3434 762 3492 nostri
781 3433 951 3494 utilitatibus
953 3479 1101 3499 ........
1153 3438 1191 3495 60

475 3662 636 3732 CAPUT
667 3648 904 3730 TERTIUM.

187 3875 260 3957 31.
282 3873 402 3951 Aliquot
423 3867 587 3930 summatim
610 3867 648 3927 de
670 3827 806 3927 eritremis
825 3864 938 3924 duobus
951 3865 1114 3926 Rhetoricae

267 3971 355 4044 hujus
369 3967 446 4028 Artis
462 3965 603 4046 capitibus
617 3963 703 4027 dicta.
715 4008 723 4025 .
734 4008 742 4026 .
755 4008 763 4026 .
775 4007 783 4026 .
795 3965 826 4026 ..'
835 4006 1104 4028 ..............
1155 3966 1194 4051 63

188 4067 211 4151 3
230 4072 260 4127 1.
283 4071 354 4142 Quae
367 4069 400 4128 G.
411 4063 505 4123 Julius
515 4062 614 4123 Victor
626 4060 663 4120 de
674 4059 913 4121 sermocinatione
925 4059 1103 4140 praeceperit.
1151 4063 1193 4128 ⁴69
