2738 4928
587 287 785 380 edl-

177 437 273 511 niori
296 439 539 531 Romanarum
559 435 758 510 litterarum
780 436 914 509 notitiae
930 433 1069 506 inutilia
1081 449 1179 528 sunt,

177 554 251 628 sive
267 579 351 646 cum
366 554 522 651 antiquis
542 554 724 647 fontibus,
747 555 844 627 unde
871 554 1043 654 pleraque
1068 553 1188 628 hausit
1278 557 1281 562 ’

176 683 354 768 praecepta
362 669 499 760 Victor,
514 668 765 761 conferantur3
783 669 860 741 sive
872 677 955 740 cum
972 667 1188 741 christiano·

176 806 258 853 rum
277 781 438 878 ejusdem
456 783 521 854 aevi
545 782 716 881 operibus
738 789 957 881 comparata,
976 780 1063 853 hinc
1079 806 1188 880 paga-

176 917 311 966 norum
320 896 359 965 in
369 893 446 966 dies
455 895 697 970 decrescentia
710 898 866 994 ingenia,
884 895 982 967 illinc
995 895 1185 986 rationem,

176 1033 250 1106 qua
263 1007 453 1081 christiana
471 1009 561 1083 fides
579 1012 720 1084 animos
737 1012 845 1083 etiam
862 1011 900 1081 in
915 1008 1095 1081 rhetorica
1113 1023 1187 1080 arte

177 1123 414 1212 renovaverit,
434 1124 472 1193 in
488 1123 673 1202 illustriori
688 1124 825 1204 lumine
842 1121 1034 1195 collocent.

227 1233 366 1320 Quibus
391 1236 536 1329 cunctis¹
556 1236 751 1332 generatim
785 1234 985 1333 propositis
1014 1247 1050 1303 et
1075 1232 1187 1303 virtu·

178 1343 276 1415 tibus
308 1359 344 1415 et
374 1346 533 1418 uitiiset
564 1347 794 1438 utilitatibus,
821 1345 1039 1443 complures
1064 1344 1187 1436 forsan

180 1455 267 1527 alias
280 1457 575 1550 commodorum,
594 1459 783 1554 hincinde
797 1459 1101 1555 eVictorisopere
1119 1456 1187 1527 du-

178 1567 329 1661 cendas,
351 1569 543 1666 particulas
554 1571 688 1645 addere
704 1571 859 1660 deceret.
882 1569 970 1642 Mihi
986 1569 1190 1641 summatim

177 1679 297 1752 dicere
313 1680 476 1774 sufficiat,
496 1685 630 1780 passim
646 1686 684 1756 in
702 1709 746 1755 eo
759 1685 910 1775 variatas
924 1707 944 1754 e
956 1682 1141 1766 Ciceronis
1153 1695 1190 1752 et

177 1793 277 1865 Fabii
300 1794 515 1892 quibusdam
530 1798 619 1869 loeis
637 1796 811 1869 lectiones
837 1796 1010 1885 inveniri,
1031 1817 1189 1890 quorum

177 1907 295 2003 aliqua
321 1910 561 2004 grammaticis
583 1934 659 1982 non
682 1933 946 2007 supervacanea
970 1908 1117 1978 fortasse
1133 1905 1187 1976 vi-

177 2018 349 2110 deantur,
380 2019 445 2092 sed
474 2045 554 2117 quae
579 2023 730 2092 omnino
757 2022 937 2119 praeterire
972 2043 1080 2115 quam
1109 2042 1189 2114 per·
1226 2078 1228 2080 .

176 2133 350 2228 stringere
361 2133 470 2203 satius
484 2131 667 2204 esseduxi.
681 2136 909 2229 Quapropter
922 2130 1022 2202 hisce
1037 2130 1192 2200 omnino

176 2243 325 2335 relictis,
340 2243 498 2316 breviter
515 2259 655 2315 tantum
666 2243 826 2316 indicare
841 2244 945 2316 liceat
962 2269 1037 2314 non
1051 2240 1190 2314 inutilia

176 2356 330 2429 rhetoris
356 2358 471 2429 nostri
496 2355 571 2428 duo
593 2355 692 2448 loca,
715 2381 757 2428 ac
782 2356 912 2428 deinde
938 2356 1123 2455 pervenire
1140 2353 1188 2427 ad
1267 2374 1270 2380 ·

178 2471 321 2542 tertiam
355 2494 425 2541 nec
465 2469 653 2541 minimam
686 2469 850 2568 prolecto
881 2469 1049 2541 destinati
1082 2466 1188 2539 nobis

178 2584 298 2682 operis
315 2597 471 2680 partem,
495 2582 541 2654 ad
563 2581 689 2653 ultima
716 2582 790 2682 duo
808 2584 961 2654 Victoris
985 2582 1190 2653 Rhetorices

179 2695 224 2768 de
257 2697 554 2768 sermocinatione
591 2710 626 2768 et
657 2695 815 2793 epistolis
846 2696 975 2792 capita.
1011 2700 1191 2764 Locorum

177 2809 352 2882 horumce
369 2810 508 2908 priore,
530 2810 709 2906 egregiam
722 2807 818 2879 hanc
830 2809 921 2904 juris
937 2807 1050 2879 civilis
1066 2805 1191 2878 desmi-

179 2923 316 2995 tionem
334 2922 450 2995 obiter
466 2922 570 2995 affert
590 2916 743 3011 Victor¹,
760 2920 872 3018 magis
888 2919 1033 3017 plenam
1052 2933 1087 2990 et
1103 2919 1192 2990 inte·

180 3060 300 3134 gram,
326 3061 435 3134 quam
462 3035 624 3107 definitio
654 3034 815 3132 ejusdem
836 3033 927 3129 juris
953 3034 990 3103 in
1009 3033 1128 3131 primo
1145 3030 1191 3103 de
1244 3026 1246 3030 ’

179 3152 332 3221 Oratore
344 3154 356 3188 ¹
370 3148 478 3240 libro,
491 3149 602 3222 sedin
616 3148 778 3247 Topicis³
793 3146 938 3220 aTullio
952 3147 1189 3245 propositam,

181 3276 217 3334 et
238 3262 430 3334 fortassee
460 3262 621 3358 quodam
650 3287 693 3332 ex
724 3260 835 3332 claris·
853 3260 921 3331 illis
940 3256 1193 3354 jureconsultis
1254 3309 1257 3314 .

180 3391 344 3447 mutuam
386 3390 626 3472 assumptam,
662 3375 725 3467 qui
764 3386 847 3445 ante
885 3374 1096 3442 Ciceronem
1133 3380 1193 3437 aut

181 3487 289 3586 hujus
316 3486 540 3585 temporibus
568 3486 797 3556 eminuerunt
825 3512 833 3552 ε
870 3511 888 3551 n
919 3487 980 3552 Jus
1010 3479 1112 3552 civile
1141 3492 1194 3549 est

181 3602 283 3700 quod
299 3603 336 3674 in
361 3599 515 3697 legibus,
535 3596 869 3690 senatusconsultis,
885 3595 993 3668 rebus
1011 3592 1190 3691 judicatis,

175 3880 178 3882 ’
227 3881 256 3938 l.
285 3871 807 3952 C.J.vict.‚cap.'111‚§3,p.tt.
909 3862 911 3870 ’

149 3979 153 3987 “
226 3969 257 4024 2.
285 3965 345 4026 cte.
364 3969 401 4023 de
416 3965 657 4038 Oratore,1,42.
713 3973 715 3976 ⁴

227 4057 257 4116 3.
280 4054 324 4115 Cf.
342 4057 451 4131 Toptc„
466 4073 531 4134 cap.
546 4071 583 4128 v,
598 4048 621 4132 3
634 4053 685 4111 28.
